2744 4456
617 267 787 334 -·162.
823 299 868 323 .-

13 495 15 499 ·
74 516 77 520 a
199 480 240 530 ex
261 461 371 532 veteri
399 461 474 548 lege
505 467 541 531 et
565 476 669 533 'nova
715 461 823 531 Vetus
846 461 901 530 lex
922 461 980 530 illa
1004 466 1066 543 eet,
1098 480 1183 545 quae
1207 461 1289 528 data

198 575 252 639 est
265 569 411 656 primun
422 570 447 640 J
447 569 562 640 udaeis
577 590 638 656 per·
652 571 792 657 Moysen
808 576 845 639 et
858 570 1048 656 prophetas,
1066 589 1152 654 quae
1167 568 1290 638 dieitur

196 684 296 750 vetus
331 666 578 761 testamentum„
640 683 870 775 Testamentum
901 689 1003 752 autem
1036 683 1171 766 dieitur,
1212 686 1293 768 quia·

163 791 318 860 Monam
345 791 490 876 boethus,
529 795 634 879 utique
667 813 693 860 u
713 787 900 880 prophetis²
932 794 1085 879 seriptum
1120 800 1174 866 ot,
1195 799 1287 877 mota

196 902 383 986 dpoaoora
427 899 525 993 ¹Novo
547 916 628 969 vero
658 897 714 966 lex
736 896 945 984 evangelium
963 903 1030 978 est,
1056 897 1143 981 quod
1166 896 1309 965 dieitur.

71 1009 73 1014 ’
196 1025 318 1077 norum
341 1012 590 1092 testamentum,
615 1006 703 1090 quod
724 1005 904 1105 peripsum
929 1004 1032 1073 filium
1048 1005 1102 1074 dei
1118 1004 1288 1074 Christum

197 1119 232 1184 et
254 1113 336 1200 per'
359 1134 436 1183 suos
459 1114 627 1199 apostolos
651 1113 752 1184 dedit.
788 1113 852 1181 illa
875 1113 930 1180 lex
952 1117 1052 1183 vetus
1075 1114 1170 1182 velut
1190 1112 1287 1181 radix

197 1232 259 1305 oet,
290 1225 375 1292 haee
394 1242 491 1293 -nova
513 1224 609 1313 velut
637 1221 768 1291 innotus
793 1241 834 1289 ex
856 1221 977 1290 radiae.
1010 1221 1079 1304 ‚Ex
1101 1222 1174 1312 logo
1199 1221 1285 1290 enim

194 1331 330 1401 venitur
353 1332 396 1399 ad
420 1331 635 1414 evangelium.
667 1321 834 1414 Siquidem
851 1329 1014 1409 Christos,
1039 1331 1096 1414 qui
1118 1331 1172 1399 bio
1186 1331 1287 1399 mani·

194 1439 340 1517 iestotus
365 1447 426 1522 est,
452 1447 532 1509 ante
554 1441 589 1508 in
612 1441 686 1525 lego
715 1439 907 1523 praediatus
931 1445 993 1519 est,
1024 1438 1122 1528 immo
1145 1439 1217 1523 ipse
1241 1440 1299 1506 lo·‘

195 1553 293 1617 entus
315 1555 368 1618 est
382 1548 416 1617 in
431 1548 612 1634 prophetis,
638 1547 725 1616 sieut
741 1547 901 1632 seriptum
921 1547 1010 1614 esth:
1036 1551 1110 1633 ‚Qui
1125 1549 1286 1636 loquebar,

194 1680 259 1728 eoae
282 1657 417 1744 udoam‘,
439 1658 547 1743 legem
570 1653 722 1741 quidem³
743 1655 962 1740 praemittens
985 1657 1080 1725 velut
1102 1655 1286 1724 infantibus

62 1776 63 1779 ’
98 1785 103 1792 ·
144 1840 147 1849 ,
193 1767 431 1853 paedagogum,
445 1765 653 1851 evangelium
665 1755 746 1835 uero
757 1763 943 1848 perlectum
954 1763 1046 1834 vitoe
1058 1764 1286 1852 magisterium

36 1859 57 1967 ζ
193 1875 260 1943 iam
283 1875 406 1944 adultis
430 1875 580 1973 omnibus
602 1879 789 1959 praestans.
828 1873 909 1942 Ideo
932 1873 967 1942 in
983 1873 1047 1970 ¹illa
1070 1872 1284 1956 operantibus
1346 1930 1348 1935 ,

169 1984 280 2053 bona
303 1990 415 2053 terrae
437 1983 728 2069 promittebantur,
754 1981 808 2050 bie
831 2000 911 2051 vero
935 1982 996 2050 sub
1020 1982 1130 2066 gratia
1155 2000 1195 2049 ox
1218 1980 1302 2049 fide.

166 2123 168 2128 ·
193 2091 384 2163 viventibus
407 2112 545 2177 regnum
566 2090 712 2160 caeleste
727 2091 895 2158 tribuitur.
929 2089 1149 2176 Evangelium
1172 2095 1286 2158 autem

193 2199 315 2268 dieitur
343 2202 465 2269 bonurn
495 2199 666 2282 nuntium
698 2205 734 2268 et
763 2218 883 2268 revera
912 2200 1034 2266 bonurn
1052 2197 1214 2278 nuntium,
1246 2204 1286 2266 ut

193 2308 250 2392 qui
271 2306 328 2376 id⁴
351 2307 558 2393 susceperint
579 2307 639 2375 filii
662 2307 715 2375 dei
737 2313 908 2376 vocentur.
941 2306 987 2373 Hi
1010 2312 1090 2373 sunt
1114 2325 1191 2391 ergo
1207 2306 1284 2374 libri

192 2418 318 2486 veteris
341 2417 537 2486 testamenti
560 2427 643 2500 quos
659 2416 699 2483 ob
716 2435 861 2488 amorem
880 2415 1050 2483 doetrinae
1067 2412 1121 2483 et⁵
1145 2415 1283 2499 pietatis

163 2576 165 2580 »
192 2526 347 2611 legendos
359 2525 628 2609 recipiendosque
642 2524 853 2592 eeclesiarum
865 2523 1028 2608 principos
1041 2523 1282 2592 tradiderunt0:

282 2634 387 2702 Primi
415 2653 557 2717 namque
588 2633 681 2718 legis,
712 2633 747 2700 id
779 2645 832 2701 est
861 2632 1000 2717 Moysis,
1032 2632 1108 2699 libri
1139 2632 1282 2715 qunque

81 2764 84 2770 ·
193 2748 288 2810 sunt:
324 2741 477 2823 Genesin
512 2741 662 2821 Euodus,
696 2737 903 2820 Levitious⁶,
937 2739 1088 2818 Numeri,
1122 2739 1282 2807 Deutero
1341 2787 1344 2793 ·

192 2851 344 2940 nomium.
392 2851 532 2934 Hosque.
553 2845 760 2933 sequuntur²
793 2844 963 2916 historioi⁸
992 2848 1068 2916 libri
1098 2845 1282 2915 sedecim⁹:

88 3039 90 3044 ¹
192 2958 215 3027 J
218 2974 277 3027 esu
299 2959 395 3029 Nave
426 2960 552 3028 scilieet
583 2964 618 3027 et
642 2957 798 3026 Judieum
828 2957 903 3024 libri
926 2956 1053 3041 *singuli
1082 2956 1153 3025 sive
1176 2955 1279 3035 Ruth,

64 3076 68 3084 '
191 3068 320 3154 Regum
345 3069 445 3136 etiam
464 3068 539 3135 libri
556 3072 708 3150 quatuor,
733 3066 1007 3149 Paralipomenon
1023 3065 1096 3142 duo,
1122 3065 1246 3132 Tobiae
1256 3061 1282 3100 ¹⁰

181 3358 189 3376 ,
285 3314 299 3343 ·
321 3301 398 3358 neda
416 3301 528 3358 conen.
548 3302 567 3356 1.
580 3317 609 3370 o.
629 3305 650 3356 t.
670 3300 721 3356 ιιι.
749 3318 775 3371 p.
796 3299 850 3357 loo
870 3302 919 3356 oo.
939 3300 1006 3356 noo.
1026 3300 1119 3368 noym.
1140 3299 1173 3367 v,
1195 3299 1231 3354 aa
1250 3306 1280 3354 et
1346 3268 1350 3278 ’

189 3392 238 3458 24;
260 3392 300 3446 VI
320 3394 344 3448 1.
382 3394 397 3434 b
417 3393 453 3448 Is.
472 3392 535 3461 LII,
555 3393 580 3447 6.
615 3403 627 3434 0
647 3394 696 3448 eir.
712 3408 771 3447 oon.
785 3391 820 3446 47
834 3408 908 3447 eone.
923 3391 1054 3461 Carthug.
1068 3391 1119 3445 ΙΙΙ.
1140 3407 1202 3446 ann.
1218 3389 1281 3444 397.

190 3483 281 3539 blansi
299 3493 319 3539 t.
333 3483 386 3538 111.
407 3500 432 3552 p.
447 3482 510 3538 891.

283 3664 451 3733 ¹utrimque
469 3663 618 3733 praetentis
637 3663 720 3719 Beda.
754 3661 828 3718 'om
842 3679 879 3718 oe.
913 3661 986 3717 ⁸orn
1001 3677 1039 3717 oe.
1075 3660 1149 3715 ‘om
1164 3659 1283 3715 ll¹SPP¹

190 3771 221 3811 oe
240 3757 343 3811 einh.
386 3752 460 3810 ‘om
479 3753 576 3810 Moru.
617 3753 736 3821 ‘exodi
760 3753 868 3809 levitici
888 3751 984 3808 issiu.
1024 3750 1185 3807 'secuntur
1202 3751 1282 3807 libl¹¹
1317 3761 1319 3765 '

190 3844 375 3901 ⁸istorieild.
414 3842 602 3928 ”quindecim
628 3860 659 3900 oe
678 3860 733 3899 exe.
755 3844 800 3913 ph.
842 3842 864 3874 ¹⁰
883 3843 953 3898 ‘lobi
972 3841 1036 3896 PP¹.
1137 3878 1140 3884 -
