2744 4456
577 238 827 303 -224-

160 434 239 519 Ipsa
264 440 317 502 est
340 433 426 501 enim
448 432 549 501 iudex
563 428 706 502 omnium
721 431 940 508 librariorum,
965 431 1043 514 qnia
1065 430 1253 515 ubicunque

159 561 303 611 errorem
325 541 541 625 perspexerit,
567 541 789 625 reprehendit,
816 548 851 610 et
870 540 928 609 ubi
950 541 1035 608 bene
1057 539 1149 608 diota
1172 546 1254 609 sunt

158 667 218 718 sno
246 647 364 717 iudicio
393 648 627 733 comprobabit
675 647 854 717 Schemate
884 654 997 716 autem
1027 645 1137 715 omnia
1159 655 1253 732 quot

159 763 240 842 quot
256 757 413 826 secularis
430 757 601 841 disciplina
613 756 816 840 conseripsit,
834 757 868 825 in
879 756 1004 824 sanatis
1013 755 1106 824 libris
1119 756 1253 841 saepius

158 867 269 952 posita
291 867 513 951 reperiuntur.
560 866 695 934 Necnon
720 863 777 933 etl
811 870 930 954 ,tropis
961 879 1104 935 uermes
1128 878 1253 934 nostros

157 1000 232 1045 asoa
254 981 352 1054 fuisse
375 984 404 1046 et
429 976 632 1063 ›nultiplioius
664 985 755 1062 atque
785 979 950 1062 copiosius,
984 996 1079 1063 quom
1106 969 1254 1061 possint*

159 1090 337 1154 enatam-e
359 1085 407 1152 vel
431 1081 606 1167 eredere“·,
630 1081 777 1164 numquis
800 1081 901 1150 libros
925 1081 1053 1149 divinos
1077 1080 1255 1166 diligenter

158 1193 242 1278 legit
251 1191 409 1261 inveniet.
437 1245 453 1276 „
462 1193 596 1259 Istorum
608 1200 731 1259 auara*
743 1201 907 1280 troporum
920 1192 1096 1281 horreolum
1109 1181 1253 1279 rumpia

158 1306 239 1371 aaut
262 1305 410 1380 omnium,
433 1301 488 1368 sed
506 1302 710 1386 quorundam·
721 1305 816 1369 etiam
832 1304 960 1366 aromtaa
977 1304 1011 1366 in
1025 1301 1145 1368 divinia
1161 1300 1253 1367 libris

161 1411 316 1498 beantur,
350 1413 430 1477 eirea
462 1409 626 1498 alloquia,
659 1411 815 1494 oeuipma,
844 1406 1032 1495 parabolu.“
1085 1411 1250 1495 ,Quorum

161 1523 300 1586 omnium
337 1520 473 1604 oopnitio
512 1525 683 1605 propterea
726 1521 957 1604 seripturarum
994 1517 1253 1605 amltpuaatioas

162 1621 391 1695 dissolvendis³
421 1636 466 1694 est
495 1629 688 1703 necessario,
726 1630 800 1712 qaia
833 1621 926 1692 mm*
955 1648 1063 1694 sauses
1098 1628 1143 1692 ud
1175 1648 1252 1714 pro·

159 1740 323 1824 prietatem
337 1736 502 1802 rubetam
518 1730 569 1802 si⁵
593 1738 771 1823 acceptatur
785 1736 943 1803 absurdus
958 1742 1013 1819 est,
1036 1737 1249 1822 quaerendum

160 1851 205 1913 at
228 1848 341 1931 alipta,
365 1866 403 1911 ue
425 1845 510 1927 forte
533 1843 589 1909 illo
613 1843 661 1909 vel
676 1843 732 1910 illo
762 1850 854 1930 tropo
877 1844 994 1912 dietum
1017 1847 1058 1910 sit
1081 1844 1166 1930 quod
1189 1866 1254 1910 noa

160 1953 375 2036 intellepr'mus,
407 1959 435 2020 a
464 1954 511 2018 aio
539 1952 691 2038 pleraque
710 1955 848 2047 'iuventa
875 1961 952 2043 aaut?
979 1974 1057 2038 quoe
1081 1950 1251 2021 aretoas

133 2050 136 2055 ’
161 2058 335 2127 Metrioam
351 2065 465 2126 autem
481 2058 653 2138 rationem,
676 2077 761 2140 quae
776 2078 836 2142 per
857 2057 987 2126 artem⁶
1002 2058 1255 2143 grammaticam

162 2167 388 2235 disciturnou
411 2167 555 2251 ignobile
580 2173 633 2234 est
649 2167 742 2246 seire,
768 2167 846 2249 quia
869 2161 958 2250 apud
973 2167 1146 2235 Hebraeos
1168 2168 1254 2251 psal·

56 2301 57 2304 ¹
161 2277 291 2356 terium,
309 2281 349 2343 ut
364 2277 484 2344 beatus
496 2274 720 2359 Hieronymus
737 2282 894 2352 testatur,
911 2295 997 2342 nuno
1012 2275 1120 2343 iambo
1137 2274 1253 2355 currit,

162 2404 249 2453 nuno
258 2384 403 2452 alchaioo
415 2392 583 2467 personat,
597 2403 683 2452 nuno
694 2384 849 2467 sapphico
862 2390 978 2463 tumet,
990 2404 1077 2452 nuno
1087 2384 1256 2468 semipede
1323 2386 1326 2390 ’

162 2493 356 2578 ingreditur.
400 2493 694 2562 Deuteronomium
718 2512 798 2560 vero
824 2499 858 2560 et
881 2493 968 2560 Isaie
992 2492 1156 2562 canticum
1181 2513 1255 2561 neo·

163 2621 229 2669 non
254 2597 308 2668 et'
325 2599 477 2668 Salomon
502 2607 537 2668 et
553 2601 577 2668 J
579 2602 620 2668 ob
637 2601 839 2668 hexametris
857 2608 892 2668 et
907 2600 1126 2684 pentametris
1149 2603 1253 2671 versi·

42 2783 47 2794 ,
101 2756 107 2768 -
162 2712 234 2790 bus,
266 2715 305 2776 ut
328 2709 496 2792 Josephus
521 2715 557 2776 et
581 2707 741 2792 Origenes
765 2709 925 2786 scribunt,
956 2709 1044 2792 apud
1067 2728 1145 2777 suos
1170 2729 1255 2777 oom-

162 2819 271 2904 posita
294 2818 484 2885 decurrunt.
533 2816 752 2901 Quamobrem
776 2836 839 2884 non
873 2823 925 2885 est
949 2818 1135 2901 spernenda
1158 2819 1252 2900 haec,

163 2922 279 3009 quasi⁸
302 2925 479 3008 gentilibus
503 2926 682 2993 eommunis
706 2926 802 3005 ratio,
829 2927 887 2993 sed
906 2933 1066 3008 quantum
1091 2925 1175 2994 satis
1200 2936 1256 2995 est

51 3089 54 3096 .
143 3034 387 3130 perdiscenda,
420 3033 498 3116 quia
529 3033 645 3115 utique
675 3035 771 3101 multi
802 3035 983 3119 evangelici
1013 3034 1076 3103 viri
1106 3034 1256 3119 insignes

163 3143 263 3210 libros
295 3143 358 3209 hae
381 3148 456 3209 arte
479 3141 697 3209 condiderunt
721 3152 756 3208 et
779 3143 840 3210 deo
863 3143 994 3226 plaeere
1017 3162 1077 3226 per
1104 3143 1138 3209 id
1166 3150 1256 3211 sata-

163 3257 299 3335 gerunt,
338 3260 375 3318 ut
406 3248 471 3317 fuit
499 3249 678 3328 Invenere,
717 3249 883 3329 Sedulius,
915 3251 1053 3329 Arator,
1093 3249 1253 3329 Alcimus

124 3417 128 3424 ·
236 3371 560 3480 saeuientes.

257 3537 266 3568 ¹
286 3553 330 3592 om
350 3553 388 3593 oe.
435 3536 446 3568 ¹
464 3543 582 3607 possunt
601 3539 673 3608 Aug.
699 3539 788 3608 possit
807 3539 1026 3595 existimarirel
1045 3538 1119 3594 eradi
1139 3553 1179 3606 oe,
1198 3553 1255 3596 ore

166 3628 228 3684 dere
247 3629 293 3697 ph.
339 3626 407 3683 'sio
427 3644 454 3684 m
473 3632 546 3699 Aug.
574 3635 686 3698 propter
713 3645 773 3683 eam
800 3630 893 3698 script.
921 3629 1135 3698 ambiguitatem
1155 3629 1256 3687 dissol-

164 3719 283 3775 vendam
292 3717 335 3786 1³¹,
348 3719 563 3789 ambiguitatem
574 3719 757 3774 dissolvendis
767 3719 826 3787 ΜΡ,
838 3719 1023 3789 ambiguitate
1033 3720 1097 3775 diss.
1111 3735 1142 3775 oe
1150 3735 1207 3776 exo.
1218 3739 1256 3777 m.

164 3807 239 3863 ⁴om
252 3809 349 3864 PP¹oa
388 3807 512 3864 ‘sioP¹.
551 3808 735 3878 ‘parientem
749 3809 785 3864 Μ.
825 3807 899 3864 'om
913 3809 1006 3864 MPP¹.
1040 3808 1199 3878 8ιιιιαιιιιίε
1212 3828 1256 3868 oe.
