2744 4456
1088 231 1351 311 ‘¹¹¹¹'

167 483 246 534 vero
278 465 410 554 scriptis
441 473 541 550 prout
572 450 803 551 opportunitas
834 466 898 535 looi
925 457 965 536 ac
988 467 1147 551 temporis
1171 472 1255 548 erat,
1337 449 1347 464 ’

90 649 93 656 ,
167 573 346 642 secundnm
370 573 607 654 auctoritatem
632 581 667 644 et
682 574 796 644 stilum
812 574 972 667 maiorum
988 575 1032 644 ad
1045 575 1258 661 interrogata

166 681 330 765 respondi.
355 681 421 751 Sed
443 701 509 750 non
532 683 566 750 in
589 683 652 752 hoc
675 682 759 751 satis
787 683 834 751 eis
858 681 969 752 facere
991 683 1095 768 potui,
1125 683 1183 768 qui
1197 687 1258 752 ‘me

111 832 116 841 .
166 789 407 859 instantissime
429 792 647 875 postulabant
668 791 767 860 immo
787 793 960 878 cogebant,
975 773 1150 874 ,nt'omnia
1174 793 1258 860 haec

166 899 200 965 in
224 917 324 967 unum
348 898 502 968 volumen
530 918 751 986 congererem,
784 907 824 968 ut
846 900 1019 988 haberent,
1052 919 1117 984 qno
1147 900 1258 985 aliquo

167 1007 261 1074 modo
284 1007 550 1096 inquisitionrbns
574 1004 644 1087 suis
666 1006 912 1089 satisfacerent,
946 1007 1039 1076 etin
1062 1026 1127 1076 nno
1148 1008 1259 1077 codice
1310 1016 1314 1023 '

167 1115 264 1183 simul
295 1116 454 1201 scriptum
484 1115 679 1202 reperirent,
712 1116 799 1201 quod
838 1121 939 1184 antea
962 1135 1028 1184 non
1059 1116 1165 1197 simul,
1199 1117 1260 1184 sed
1337 1171 1340 1176 .

101 1315 106 1323 ἡ
167 1223 339 1308 speciatim
368 1223 497 1309 singuli,
529 1231 629 1308 prout
658 1222 921 1310 interrogabant
953 1223 988 1292 in
1018 1222 1105 1293 foliis
1133 1224 1260 1311 scripta
1351 1223 1371 1281 ·'

167 1331 355 1399 habuerant
366 1329 386 1398 ¹.
447 1330 573 1418 Quibus
608 1331 759 1401 consensi
795 1339 831 1401 et
861 1333 952 1417 qaod
983 1333 1148 1419 rogabant
1183 1331 1285 1414 feci·

167 1447 328 1524 quantum
351 1424 453 1525 potua
501 1440 587 1509 Nam
610 1441 652 1510 de
675 1441 737 1509 hoc
761 1447 832 1510 tres
855 1440 956 1510 libros
989 1440 1258 1548 edidianornm
1347 1520 1352 1531 ⁸

167 1548 292 1632 primus
314 1548 357 1617 de
380 1549 612 1645 ecclesiasticis
628 1549 797 1619 ordinibus
821 1549 915 1619 etde
936 1546 1035 1619 reste
1057 1549 1259 1619 sacerdotali
1311 1605 1315 1611 .

168 1653 365 1737 continet';'
389 1656 471 1726 item
502 1658 544 1727 de
572 1664 716 1741 quatuor
746 1658 1002 1727 charismatibus
1026 1659 1198 1746 ecclesiam
1224 1657 1260 1726 id
1292 1654 1297 1664 '
1350 1648 1355 1656 ’

168 1772 238 1833 est:
272 1764 435 1850 baptismo
460 1773 496 1834 et
520 1765 689 1847 crismate,
718 1786 855 1852 corpore
886 1773 923 1836 et
953 1767 1114 1853 sanguine
1136 1766 1259 1835 domiui

168 1881 204 1942 et
225 1873 268 1942 de
291 1872 397 1942 officio
421 1874 543 1944 missae
566 1876 746 1944 secundnm
769 1895 893 1944 morem
908 1893 1065 1944 mmanae
1088 1875 1265 1974 ecclesiae..

64 2060 67 2065 ,
168 1981 337 2050 Secundus
363 1977 485 2051 'antem
511 1982 598 2052 liber
630 1983 780 2052 continet
814 1983 855 2052 de
890 1981 1013 2052 officio·
1028 1982 1259 2053 canonicarum

86 2107 90 2114 ·
167 2091 333 2179 horarum,
348 2098 383 2159 et
405 2091 463 2168 de,
476 2091 606 2172 ieiunio,
639 2089 866 2161 confessione³
896 2111 936 2160 ac
965 2090 1184 2176 poenitentia,
1218 2091 1260 2159 de

166 2199 323 2284 legitimis
346 2218 476 2284 quoque
498 2198 627 2268 ieiuniis
644 2205 680 2268 et
694 2199 938 2270 festivitatibus
953 2200 1066 2279 variis,
1091 2199 1259 2269 delectio
1283 2207 1293 2216 '
1343 2177 1348 2198 ι

89 2347 93 2355 -
167 2308 264 2375 nibus
281 2315 317 2376 et
332 2306 456 2376 cantn⁴
473 2308 705 2389 ecclesiastico,
723 2309 765 2378 de
780 2308 845 2378 tide
861 2307 1024 2377 catholica
1040 2317 1076 2377 et
1091 2308 1258 2379 contrario
1286 2295 1290 2301 ’

168 2417 209 2484 de
231 2403 334 2485 variis
357 2416 561 2502 haeresibus.
601 2403 736 2486 Tertius
752 2437 831 2486 vero
846 2417 932 2486 liber
947 2417 1072 2497 edocet,
1097 2405 1258 2500 quomodo
1335 2430 1338 2435 ·

168 2525 286 2606 omnia,
319 2525 462 2608 quaein
485 2519 605 2594 divinis
635 2526 730 2598 libris
753 2526 879 2611 scripta
903 2532 991 2605 sunt,
1023 2525 1259 2611 investiganda

168 2641 270 2717 atque
299 2633 455 2702 discenda
487 2640 575 2714 sunt,
608 2653 734 2703 necnon
767 2640 803 2703 et
834 2653 873 2703 ea
905 2652 991 2717 quae
1020 2633 1056 2701 in
1085 2633 1258 2719 gentilium
1344 2637 1348 2646 '

168 2741 287 2810 studiis
311 2749 347 2810 et
369 2743 500 2811 artibus
524 2743 745 2812 ecclesiastico
769 2742 842 2812 viro
872 2741 1017 2810 scrutari
1047 2740 1143 2810 utilia
1167 2746 1257 2809 sunt.

167 2850 354 2918 Novissime
377 2851 564 2929 veroliber
586 2851 658 2935 ipse
681 2847 824 2935 exponit,
851 2850 1010 2933 quomodo
1032 2855 1167 2934 oportet
1191 2869 1256 2930 eos,
1333 2894 1337 2902 »

29 2938 31 2943 ’
100 2991 102 2996 -
168 2959 224 3042 qui
248 2959 384 3027 docendi
407 2958 549 3027 officinm
573 2966 706 3045 gerunt·
737 2959 886 3028 diversos
916 2957 1086 3027 auditores
1117 2957 1259 3026 diversis

168 3067 419 3144 allocutionibus
431 3067 609 3135 admonere
625 3067 705 3135 etin
718 3067 868 3135 doctriua
881 3065 1104 3135 ecclesiastica
1116 3064 1260 3134 fideliter
1280 3088 1283 3095 ·
1318 3125 1320 3128 ,

170 3175 308 3243 erudire.
341 3175 389 3243 Et
404 3175 481 3258 quia
502 3176 585 3271 baec
606 3175 723 3256 omnia,
742 3171 827 3258 qnae
841 3175 992 3255 diximus,
1010 3174 1053 3242 ad
1067 3173 1258 3242 clericorum
1284 3192 1287 3199 ·

54 3296 57 3301 ’
168 3282 311 3352 officium
327 3284 468 3387 maxime
483 3284 661 3368 pertinent,
688 3284 744 3367 qui
762 3285 870 3352 locum
885 3282 1053 3369 regiminis
1068 3282 1103 3350 in
1120 3281 1259 3351 ecclesia

168 3398 286 3461 teuent
317 3400 352 3461 et
383 3392 424 3461 de
455 3393 619 3461 universis
649 3392 806 3477 legitimis
822 3392 892 3497 *dei
914 3391 1069 3477 populum
1091 3391 1259 3459 instruere

169 3502 300 3581 debent,
325 3502 450 3585 placuit
472 3502 560 3585 ipsos
584 3501 685 3569 libros
718 3500 789 3581 „de
812 3500 1105 3568 institutione
1129 3499 1258 3567 oleri·

262 3723 426 3809 ¹haberent
445 3769 551 3811 oeexc.
573 3754 599 3808 b.
638 3751 827 3809 'continetur
847 3769 879 3808 oa
905 3768 961 3808 exc.
981 3752 1007 3807 h.
1047 3749 1166 3829 'at-da
1185 3753 1257 3807 cont.

169 3858 200 3899 oa
219 3858 275 3900 exc.
295 3843 322 3898 h.
360 3842 497 3899 ‘cantico
516 3860 548 3899 oe
567 3859 622 3898 exc.
643 3843 670 3898 h.
