2744 4456
530 233 912 336 ‘-2su-.

170 464 405 532 similitudinem
421 467 455 532 in
470 470 588 535 sanctie
602 466 692 535 tibris
707 477 825 536 senua
834 476 1011 555 ponuntur,
1034 491 1114 556 quae
1126 477 1258 558 propter

172 591 372 640 monumen
388 577 581 659 inperitiam
596 575 764 661 tepentibus
780 576 888 644 ciuuoa
903 573 1008 646 sunt-⁴¹
1050 573 1260 662 Quapropter

170 698 306 749 necesso
330 686 383 748 est
407 681 464 759 eis,
489 682 678 766 quivolune
700 682 875 750 adsueras
898 681 1084 767 scripturae
1106 684 1259 753 notitiem

171 788 355 873 pervenire,
389 795 429 858 nt
457 791 544 859 hene
574 797 682 860 ertem
711 792 842 859 intente
872 792 1018 873 discent;
1052 797 1087 861 et
1118 811 1193 862 oum
1216 793 1259 861 di·

172 897 321 979 dioefint
355 900 512 984 mysticos
534 919 688 968 numeros
711 899 745 967 in
769 898 890 968 divinis
913 901 1006 969 honis
1029 900 1160 970 facilius
1185 902 1260 971 hine

172 1005 379 1094 intellegant.

635 1169 713 1255 Cap.
740 1175 793 1242 23.
847 1118 851 1125 ·

520 1331 582 1400 DE
607 1331 903 1401 (ΗἸΟΜΕΤΒΙΑ.ι

264 1497 398 1581 „Nund
427 1498 472 1565 ad
493 1500 695 1584 peomctrinrn
717 1501 887 1582 ueniamus,
919 1521 998 1587 puae
1021 1505 1065 1568 est
1092 1500 1262 1589 domiin

170 1605 411 1695 contenplativa
432 1607 624 1691 formarum,
648 1608 864 1676 documentunn
879 1610 974 1675 etiarn
996 1601 1133 1676 ussaw
1153 1609 1261 1696 pitito·

82 1719 85 1726 '
171 1715 350 1803 sopitorum,
374 1717 459 1802 quod
482 1723 516 1782 ut
534 1719 715 1802 praeconiis
731 1715 936 1784 centesimis
960 1711 1128 1802 offerant³,
1152 1717 1263 1785 Jooem

172 1846 262 1890 suum
292 1827 327 1890 in
359 1823 504 1911 opertaen
526 1827 674 1912 propriis
702 1821 933 1910 prometriare‘
956 1832 1119 1894 testantur.
1170 1827 1264 1909 Quod

171 1935 272 2000 nescio
288 1939 395 2000 utrum
410 1932 557 1999 laudibus
572 1953 614 2002 an
630 1933 911 2019 vituperationibus
926 1933 1111 2022 applicetur,
1133 1935 1263 2020 pundo

171 2041 255 2127 quod
269 2040 321 2109 iili
329 2045 470 2129 pinpunt
484 2044 518 2107 in
529 2043 659 2129 putum
675 2041 807 2126 coloreo,
822 2042 931 2109 Joocrn
947 2043 1053 2127 fuum
1069 2044 1263 2110 mentiuntur

86 2154 89 2160 '
171 2153 204 2215 in
229 2148 322 2219 codo.
370 2151 461 2234 Quod
491 2153 520 2217 si
548 2154 780 2219 innocenii
809 2157 837 2220 et
862 2153 1072 2244 omnipotenti
1093 2151 1150 2218 deo
1174 2149 1263 2220 salu·

173 2258 271 2328 inter
293 2258 478 2346 applicetur,
503 2268 608 2346 potest
630 2253 725 2326 hoec⁵
756 2243 909 2328 sententia
930 2261 1076 2346 forsitan
1098 2260 1264 2326 convenire

171 2368 304 2435 ocn‘toti.
333 2361 549 2436 Geometriot⁸
563 2371 653 2448 enirn,
669 2370 699 2434 si
704 2369 767 2453 fas
783 2377 826 2436 est
842 2370 954 2448 dicere,
972 2374 1084 2436 sancto
1099 2369 1263 2449 divinitae,

171 2477 298 2560 qnando
309 2467 321 2508 ⁷
331 2481 494 2544 creaturae
505 2498 589 2560 surae,
606 2497 684 2562 pras
695 2470 867 2562 hodieque⁸
878 2478 959 2562 facit
970 2479 1109 2561 existere,
1121 2477 1264 2544 diversas

171 2585 284 2668 species
300 2583 517 2669 formulasque
532 2586 672 2653 concedit
676 2610 689 2667 ;
704 2585 831 2670 quondo
848 2585 957 2653 cursus
975 2585 1139 2653 stellarum
1149 2591 1263 2672 poten·

172 2694 218 2758 tio
240 2694 421 2762 inseranda
444 2693 605 2761 distribuit
627 2699 656 2761 n
678 2696 804 2760 statutis
820 2694 910 2760 lineis
924 2695 1000 2779 fecit
1022 2715 1158 2777 currere,
1183 2716 1263 2782 quae

171 2807 343 2885 moomtnr,
373 2811 515 2887 certaque
537 2802 617 2883 sede,
648 2811 822 2886 quaesunt
852 2801 920 2885 fixa
942 2804 1111 2870 constituit.
1161 2792 1277 2886 Ouid-¹
1325 2817 1329 2822 ·

172 2909 249 2992 quid
281 2912 363 2975 enirn
393 2908 465 2976 bene
497 2911 677 2996 disponitur
707 2916 797 2996 atque
834 2910 1004 2996 completur
1013 2904 1036 2994 ⁹,
1065 2919 1167 2997 potest
1198 2911 1263 2978 dis·

172 3015 308 3102 ciptinae
339 3017 433 3084 huius
463 3017 667 3104 qualitatibus
697 3014 888 3105 applicari.“
940 3018 1141 3101 „domurn
1165 3018 1263 3086 latine

173 3125 291 3190 dicitnr
321 3133 424 3193 terrae
455 3122 640 3210 dimernio‘f,
671 3123 783 3206 sicque
814 3123 979 3192 definitur.
1039 3121 1264 3210 „sendra

172 3238 216 3298 est
230 3232 400 3319 disciplina
410 3236 640 3319 mapnitudinis
651 3234 819 3301 immobilis
831 3243 859 3301 et
870 3235 1060 3319 fornuarnm,
1078 3229 1264 3316 quoniam²⁰

263 3440 276 3470 ⁸
301 3428 422 3493 Cassiod.
442 3429 484 3485 De
503 3435 557 3486 art.
576 3429 623 3484 lib.
643 3430 716 3498 cpe
736 3429 778 3484 ed.
798 3430 845 3485 cit.
866 3435 888 3484 t.
900 3429 938 3485 Π.
958 3446 985 3499 p.
998 3429 1060 3485 588.

266 3573 463 3646 ¹geometrica
482 3575 575 3630 MPP1.
623 3573 691 3630 'sie
710 3574 738 3630 M
758 3579 786 3630 et
805 3574 889 3643 Cass„
909 3576 1006 3631 usuale
1025 3590 1063 3630 oe.
1108 3573 1265 3631 ⁸reterent

173 3680 213 3734 oe,
232 3666 362 3722 efferrent
382 3665 455 3720 Cass.
482 3663 710 3736 ‘geometricam
728 3665 762 3719 P¹
782 3670 951 3735 geometram
965 3665 1051 3721 tuisse
1071 3668 1138 3719 text
1159 3670 1263 3734 recept.

174 3754 246 3811 Casa
281 3753 350 3812 ‘sie
369 3754 443 3811 Coss.
464 3772 498 3811 oe
516 3771 558 3811 ex.
591 3755 762 3825 ‘geometra
781 3773 807 3810 m
828 3755 902 3812 Cass.
934 3753 1095 3824 ⁷quoniom
1111 3769 1142 3810 oe
1158 3769 1216 3810 exc.
1236 3754 1263 3810 h.

173 3843 285 3914 ⁸quam
307 3861 394 3915 usque
412 3845 494 3901 hodie
512 3846 609 3901 PP¹oe¹
648 3843 853 3915 ⁹componitur
872 3861 910 3901 oe.
951 3844 972 3876 ¹⁰
991 3845 1064 3914 quod
1082 3860 1121 3901 oe.
