2744 4456
410 750 564 873 Incipit
596 753 699 847 libor
730 753 890 846 tertius.

586 1005 664 1096 Cap.
693 1011 721 1074 1.

110 1166 221 1252 QUID
249 1166 333 1234 EOS
362 1166 492 1234 solun
515 1167 575 1235 ET
602 1167 792 1236 HABERE
816 1167 1087 1246 contundat,
1117 1168 1196 1254 QUI

146 1274 233 1343 AD¹
256 1274 437 1344 SACRUM
461 1275 671 1344 ORDINEM
694 1275 938 1345 ACCEDERE
961 1276 1153 1388 VOLUNT.

198 1437 371 1505 Institutio
411 1458 488 1524 ergo
529 1439 752 1508 ecclesiastica
790 1439 934 1523 qualiter
971 1439 1014 1507 ad
1049 1439 1194 1508 divinum

109 1544 250 1613 officium
265 1546 385 1614 instrui
406 1553 560 1630 oporteat
572 1548 814 1617 sanctissimum
831 1548 977 1616 ordinem
994 1547 1193 1628 clericorum,

108 1654 299 1721 multimodo
323 1654 514 1723 narratione
544 1656 701 1736 declarat,
735 1656 812 1740 quia
844 1663 879 1724 et
909 1655 1068 1724 scientiae
1096 1655 1196 1739 pleni·

109 1762 256 1830 tudinem
281 1769 316 1830 et
338 1762 430 1832 vitae
448 1763 681 1832 rectitudinem
702 1771 737 1832 et
753 1764 946 1832 eruditionis
960 1763 1195 1848 perfectionem

109 1871 249 1938 maxime
274 1889 329 1938 eos
352 1871 476 1939 habere
499 1872 604 1953 decet,
639 1873 694 1955 qui
725 1873 759 1940 in
790 1873 930 1956 quodam
962 1871 1101 1940 culmine
1124 1891 1195 1940 con·

109 1979 221 2046 stituti
243 1980 501 2064 gubernaculum
524 1980 691 2066 regiminis
714 1981 748 2048 in
773 1981 911 2050 ccclesia
934 1987 1079 2050 tenent⁸.
1126 1981 1197 2049 Nec

110 2088 194 2154 enim
219 2087 266 2155 eis
290 2086 400 2171 aliqua
424 2099 536 2156 eorum
554 2089 707 2174 ignorare
730 2089 817 2171 licet,
843 2109 917 2158 cum
940 2089 1059 2174 quibus
1081 2090 1136 2158 vel
1160 2109 1197 2158 se
1292 2103 1299 2116 ·

108 2195 161 2262 rel
178 2195 343 2263 subiectos
358 2196 525 2264 histruere
544 2196 675 2279 debent,
700 2198 734 2266 id
751 2205 804 2266 est
819 2197 990 2267 scientiam
1006 2203 1195 2268 sanctarum

109 2303 356 2387 scripturarum,
381 2323 498 2388 puram
522 2305 700 2374 veritatem
722 2306 945 2388 historiarum,
970 2307 1083 2375 modos
1099 2307 1196 2392 tropi-

109 2432 220 2481 carum
256 2413 472 2494 locutionum,
514 2414 785 2500 significationem
820 2436 931 2484 rerum
970 2415 1194 2500 mysticarum,

109 2520 288 2590 utihtatem
322 2523 465 2590 omnium
498 2522 760 2606 disciplinarum,
796 2525 1006 2592 honestatem
1038 2524 1131 2593 vitae
1162 2523 1195 2594 in

108 2629 274 2713 probitate
307 2650 450 2709 morum,
491 2631 689 2717 elegantiam
718 2633 751 2699 in
783 2632 968 2716 prolatione
999 2650 1194 2713 sermonum,
1297 2670 1302 2678 ·

108 2737 336 2805 discretionem
352 2738 385 2805 in
400 2739 599 2807 exhibitione
611 2740 811 2826 dogmatum,
829 2739 1046 2808 differentiam
1059 2740 1197 2809 medica-

108 2845 231 2913 minum
255 2855 370 2914 oontra
393 2847 591 2916 varietatem
621 2849 873 2934 aegritudinum.
922 2848 1016 2917 Haec
1039 2868 1117 2934 ergo
1141 2849 1197 2933 qui

50 2972 57 2988 ·
108 2953 230 3033 nescit,
271 2974 335 3021 non
369 2955 440 3023 dico
471 2956 625 3036 aliorum,
664 2957 722 3024 sed
750 2977 811 3025 nec
842 2977 937 3026 suam
968 2960 1053 3026 bene
1084 2965 1197 3043 potest

109 3061 281 3144 disponere
297 3062 486 3143 utilitatem,
512 3063 637 3132 acideo
652 3067 788 3132 necesse
803 3073 864 3144 est,
883 3072 922 3133 ut
937 3063 1071 3134 futurus
1086 3066 1196 3152 populi

108 3179 228 3246 rector,
253 3170 330 3238 dhm
353 3180 462 3251 vacat,
488 3180 585 3255 paret
608 3172 669 3239 sibi
693 3181 772 3241 ante
791 3193 893 3254 arma,
917 3173 1086 3258 inquibus
1108 3183 1196 3260 post

109 3279 239 3346 modum
263 3279 377 3346 hostes
393 3279 527 3358 fortiter
544 3288 679 3364 superet
696 3288 731 3349 et
746 3301 879 3367 gregem
904 3282 966 3349 sibi
989 3284 1195 3352 commiscum

109 3400 271 3473 oportune
294 3387 460 3456 defendat.
498 3389 608 3473 turpe
625 3395 679 3457 est
702 3390 796 3471 euim,
822 3399 903 3458 tunc
925 3391 1064 3476 primum
1088 3410 1196 3475 quem·

199 3562 212 3593 ⁶
236 3550 348 3606 initium
369 3550 452 3606 huius
465 3550 580 3624 capituli
601 3552 736 3619 usquead
757 3551 853 3615 ,moda
873 3558 939 3607 Μ’
959 3553 1135 3624 paraphrasis
1154 3564 1197 3610 cot

108 3641 215 3712 prologi
235 3642 347 3713 regulae
367 3646 468 3711 pastor.
489 3639 570 3711 Grcg.
591 3641 627 3696 lt.
713 3720 717 3728 ,
832 3633 836 3641 ’
977 3633 979 3638 ’
1047 3651 1056 3664 ·

201 3787 319 3842 ¹omh.
