2744 4456
604 235 657 328 ..⁹
687 280 749 365 18·
786 314 833 328 ..
916 295 923 304 ·

88 510 130 545 a.
169 479 252 562 'ergo
268 475 428 561 mysteria
443 476 602 545 caelestia
616 474 778 557 fidelibus,
795 476 998 561 baptismum
1011 476 1126 558 uadit
1143 495 1267 561 corpus

174 592 210 653 et
232 584 425 670 sanguinem
442 583 574 653 Christi
582 584 754 653 distribuit
777 589 813 653 et
827 585 967 654 verbnm
981 583 1059 654 dei¹
1080 585 1282 671 praedicat..

70 773 73 780 ¹
172 692 333 792 Sacerdos
364 699 478 763 autem
508 693 622 764 vocari
656 700 771 778 potest
795 694 877 763 -sive
912 693 1084 780 episcopus
1114 693 1162 762 sit
1191 695 1267 763 sive

172 803 357 888 presbyter.
397 801 553 887 Episcopi
568 809 681 872 autem
697 803 922 889 apostolorum
944 802 1051 872 vicem
1072 803 1108 871 in
1124 803 1267 872 ccclesia

173 919 298 991 tenent,
340 911 426 980 sicut
465 930 578 996 supra·
603 911 755 979 diximus.
817 910 867 979 Et
903 915 1183 1002 „cborepubcopi·,·
1197 917 1266 1001 pai

32 1049 35 1053 ’
86 1024 118 1081 st
171 1025 285 1089 sicorii
315 1031 389 1089 eunt
419 1024 653 1109 episcopmm,
694 1023 740 1089 od
768 1022 942 1109 exemplam
977 1022 1078 1090 LXX
1102 1027 1265 1125 senionem·

172 1135 331 1198 omittas·
359 1128 470 1213 suat“;
500 1147 562 1196 nec
591 1127 715 1212 aliquid
744 1128 792 1197 eis
818 1128 925 1214 magis
956 1128 1035 1196 licet
1064 1128 1100 1196 in
1123 1128 1267 1196 ccclesia

130 1256 146 1282 ⁸
171 1237 333 1306 ordinare,
346 1232 431 1305 aut²
460 1236 672 1320 constituere,
706 1237 772 1305 nisi
800 1241 962 1320 duantum
991 1237 1040 1304 eis
1069 1236 1268 1305 conceditur

171 1366 192 1414 a
213 1345 370 1432 legitimis
394 1335 528 1413 eorum³
552 1345 737 1429 episcopis.
755 1340 814 1428 qui
839 1344 952 1413 sedem
982 1350 1019 1413 et
1043 1345 1192 1430 regimen
1214 1345 1265 1413 iu·

55 1444 58 1449 ’
171 1462 302 1540 tegrum
324 1454 359 1522 in
383 1453 528 1522 ecclesiis
551 1453 712 1522 obtinent.
753 1452 907 1522 Ordinati
929 1459 1010 1522 sunt
1033 1459 1145 1521 autem
1170 1453 1268 1521 chor«
1352 1453 1362 1493 ³

172 1562 315 1648 episcopi
336 1567 473 1647 propter
496 1581 679 1646 pauperum
704 1580 826 1642 curam,
858 1561 915 1645 qui
936 1561 972 1630 in
995 1561 1086 1647 agris
1114 1569 1150 1629 et
1171 1561 1263 1630 villis

165 1671 365 1752 consistunt,
384 1689 433 1738 ne
457 1669 504 1738 sis
527 1669 682 1737 solatium
705 1669 963 1738 confirmationis
986 1669 1129 1738 deesset.
1167 1669 1264 1760 Dicti
1359 1692 1363 1698 ’

90 1857 94 1863 f
171 1768 250 1850 sunt
272 1776 408 1848 autem‘
431 1777 664 1878 chorepiscopi
689 1778 768 1862 qnia
782 1778 824 1846 de
840 1779 939 1846 choro
956 1783 1036 1847 sunt
1050 1778 1265 1863 sacerdotum

173 1893 226 1977 „bt
237 1901 340 1958 subeo
355 1913 377 1956 o
392 1891 459 1958 solo
475 1894 619 1978 episcopo
634 1893 770 1958 civitatis
792 1895 844 1958 cui
863 1892 1010 1970 adicem
1032 1889 1262 1977 ordinandus-⁸,
1291 1873 1296 1882 ⁸

171 1997 257 2066 sicut
281 1993 338 2065 st⁶
361 1995 559 2082 presbyteri.
990 2018 995 2025 ·

644 2212 722 2298 Cap.
749 2218 779 2283 6.

509 2374 572 2443 DE
596 2374 913 2442 PRESBYTERIS.

221 2598 226 2606 .
262 2533 563 2625 „Presbytercrum‘⁵
586 2540 665 2606 ordo
699 2542 863 2606 exordium
894 2543 1027 2627 surupsit
1057 2562 1078 2606 a
1104 2540 1192 2624 filiis,
1224 2551 1263 2607 ut
1342 2608 1347 2616 ,

170 2653 355 2731 dictuoueet,
378 2649 494 2714 Aaron.
536 2648 700 2730 Oui-enim
717 2648 894 2715 sacerdotes
909 2651 943 2714 in
959 2650 1055 2715 ceteri
1077 2657 1260 2717 misceretis

259 2877 362 2946 sousa
381 2882 534 2947 sequuntur
553 2877 588 2934 de
606 2877 809 2949 chorepiscopis
827 2879 932 2948 partim
951 2879 987 2935 ad
1006 2842 1130 2947 verbum,
1151 2879 1256 2949 partim

167 2970 318 3026 secundnm
338 2975 460 3024 tenorem
480 2968 629 3038 desumpta
646 2975 714 3024 snut
732 2984 767 3024 ex
785 2968 851 3024 Isid.
871 2968 972 3036 decii.
992 2968 1029 3038 11,
1049 2969 1074 3026 6.
1125 2975 1127 2980 ’

257 3131 330 3187 ¹om
349 3131 398 3194 D.;
420 3130 524 3186 domini
544 3129 575 3186 L.
615 3128 741 3187 'velD.
780 3129 855 3187 'om
874 3147 913 3187 oe.
945 3130 1020 3187 ‘om
1040 3131 1073 3188 D.
1112 3131 1261 3189 ὅοιιιΡΡι

118 3255 124 3262 ,
167 3229 196 3280 et
220 3238 288 3279 corr.
307 3221 412 3277 Moru).
457 3219 523 3275 ⁸F.
551 3220 635 3276 babet
660 3228 819 3290 sequentem
845 3221 1036 3294 abbreviatam
1054 3223 1255 3280 recensionem:

167 3313 392 3382 Presbyterorum
413 3312 491 3380 ordo,
524 3317 558 3366 nt
591 3311 697 3366 dictum
726 3318 782 3380 est,
818 3312 961 3368 exordium
990 3313 1111 3382 sumpsit
1143 3329 1160 3368 a
1188 3314 1256 3370 filiis

167 3405 273 3471 Aaron,
301 3403 349 3472 qui
377 3420 415 3459 co
440 3408 563 3472 tempore
595 3402 751 3458 sacerdotes
783 3402 960 3458 vocabantur.
1012 3402 1084 3458 Nam
1112 3403 1257 3473 presbyter

152 3508 276 3564 graece,
305 3493 392 3550 latine
415 3493 518 3548 (licitur
545 3493 644 3560 senior,
674 3509 729 3549 non
757 3493 859 3549 aetatis
882 3493 971 3560 senio,
1006 3493 1054 3548 sed
1083 3493 1198 3550 virtutis
1227 3501 1261 3550 et
1349 3532 1361 3550 .-

166 3582 321 3652 sapientiae
347 3584 453 3639 merito.
491 3582 550 3652 ipsi
575 3583 680 3638 etenim
700 3584 855 3639 sacerdotes
874 3588 903 3638 et
922 3583 1044 3652 episcopi
1068 3577 1255 3654 appellantur,

102 3744 105 3749 .
167 3673 231 3740 quia
250 3660 357 3728 sacrum
378 3672 586 3728 uanosicutcc
605 3673 660 3742 ipsi
686 3673 716 3728 in
742 3673 985 3729 administratione
1011 3673 1100 3729 divini
1119 3675 1207 3730 cificii
1227 3681 1261 3731 et

143 3826 146 3835 ,
167 3762 354 3832 speculatione
372 3761 476 3831 populi
509 3762 561 3818 Sed
575 3768 669 3819 tamen
688 3763 800 3819 clericos
819 3780 874 3819 non
893 3763 1025 3819 ordinant
1043 3779 1093 3820 nec
1105 3764 1260 3822 chrismate

166 3855 285 3909 bootem
315 3853 446 3922 signant,
479 3867 595 3943 quorum
625 3859 724 3923 typum
759 3854 952 3923 praeferebant
980 3847 1161 3926 septuaginta
1189 3856 1259 3925 viri,
