2744 4456
564 262 812 328 -255—

141 466 214 529 eius.
261 462 338 530 Non
369 464 463 529 dicit:
492 471 520 529 et
542 460 719 544 seminibus,
751 455 932 545 tamqnam²
963 461 995 526 in
1025 457 1143 547 mattis,
1174 459 1229 526 sed

140 567 326 657 tamqnam²
350 575 386 638 in
400 593 483 637 ario:
507 577 536 639 et
558 572 669 637 semini
691 578 753 653 tao,
778 562 884 655 qnod*
907 576 950 635 est
968 567 1118 635 Christus.
1158 566 1231 635 Hoc

140 688 244 747 annm
274 681 344 746 dico
376 686 590 747 testamentum
620 679 840 763 confirmatam
870 700 891 744 o
921 678 996 760 deo,
1027 670 1129 763 qnoe³
1153 687 1231 763 post

140 790 387 875 quadrinpentos
403 798 430 855 st
445 790 580 873 tripinia
602 809 704 856 annos
726 789 816 871 facta
839 795 883 853 est
903 786 962 868 len,
986 806 1050 851 reon
1065 780 1231 867 infimae*

141 899 186 964 ad
210 897 407 965 evacuandos
432 898 665 983 promissiones.
712 896 749 962 Si
778 897 860 960 enim
889 916 927 962 ea
950 894 1014 981 ispe
1043 894 1231 971 taenias,

141 1008 206 1072 iam
221 1027 286 1072 non
304 1027 342 1072 ec
351 1007 570 1091 promissione.
599 1005 861 1072 Abrahaeantem
870 1024 931 1089 per
940 996 1233 1090 repromissionem⁸

142 1115 271 1181 donarit
283 1111 378 1182 deos!
402 1113 445 1180 a
456 1116 532 1199 qnia
544 1135 705 1181 occurrere
715 1119 843 1200 poterat
858 1114 1017 1181 audientis
1031 1114 1232 1200 capitationis

142 1230 176 1290 nt
199 1224 275 1308 qnid
298 1244 372 1308 erpo
403 1222 453 1288 lea
476 1223 555 1289 dato
578 1232 632 1305 est,
662 1225 692 1289 si
718 1244 756 1288 ee
785 1221 844 1288 saa
867 1243 931 1287 non
962 1228 1006 1288 est
1028 1221 1231 1290 haereditas?

142 1334 208 1417 ipse
230 1331 290 1397 sibi
305 1331 363 1396 troc
386 1330 494 1399 obiecit
517 1341 608 1417 atque
631 1335 677 1400 ait
700 1331 782 1399 osted
797 1334 1016 1417 intorropans:
1040 1330 1138 1413 ,Quid
1157 1351 1231 1413 erpo

142 1435 235 1505 ien‘?
287 1439 410 1505 Deinde
439 1441 618 1526 respondit:
651 1440 939 1525 ,transpressioms
965 1441 1075 1525 pratia
1100 1431 1232 1526 posita⁸

141 1555 196 1630 est,
230 1546 329 1614 donn
351 1551 468 1614 veniret
489 1569 601 1631 smnn,
634 1552 686 1615 cui
705 1550 898 1634 promissum
920 1555 973 1631 est,
998 1547 1152 1633 disposita
1171 1567 1232 1635 per

142 1655 270 1742 onpetos
293 1659 327 1722 in
343 1678 440 1722 nnana
454 1654 649 1723 mediatoris‘
672 1666 726 1723 etc.
766 1656 906 1725 Pertinet
929 1678 1002 1743 erpo
1027 1656 1072 1724 ad
1095 1656 1229 1723 docendi

143 1785 251 1831 curam
282 1787 346 1831 non
376 1764 478 1832 sotum
506 1769 632 1851 aperire
661 1766 771 1833 ctonsa
800 1774 829 1831 et
859 1766 959 1833 nodos
987 1764 1105 1832 solorre
1134 1785 1228 1851 anm·

141 1876 286 1957 dionem,
310 1874 365 1940 sed
381 1877 474 1940 etiam
490 1874 566 1939 dcem
580 1874 639 1940 tioc
655 1877 771 1958 opime,
795 1874 869 1940 otiis
884 1872 1126 1959 quaestionibus,
1150 1894 1229 1959 qnae

141 1981 291 2066 fortassis
321 1983 505 2064 inciderint,
541 2004 579 2049 ne
608 1984 644 2049 id
674 1983 758 2068 qnod
787 1984 920 2049 dicimus
950 1982 1143 2070 improbetur
1169 2004 1230 2069 per

143 2090 216 2157 illos
232 2101 287 2156 ont
303 2089 478 2175 refellatur,
503 2113 684 2172 occurrere,·
707 2095 736 2157 si
759 2101 862 2159 tamen
877 2095 949 2177 ipsa
964 2084 1094 2158 εανιιοη7
1116 2090 1232 2159 solatio
1255 2114 1259 2122 ·

140 2202 264 2284 pariter
275 2193 476 2282 caumont
492 2222 531 2265 ne
541 2221 727 2283 moveamus,
740 2201 825 2286 qnod
836 2199 966 2284 autem
976 2222 1040 2266 non
1054 2221 1229 2287 possumne.

143 2306 197 2375 Fit
220 2317 333 2390 amem,
363 2314 397 2375 nt
420 2328 490 2374 curn
523 2309 690 2376 incidentes
720 2310 894 2394 quaestioni
917 2308 1000 2374 otios
1023 2310 1227 2396 quaestiones,

142 2423 170 2480 et
199 2414 284 2482 atine
310 2438 423 2482 rursus
450 2416 657 2482 incidmtitna
688 2417 857 2483 incidentes
876 2423 1115 2503 pertractantur
1139 2425 1231 2502 otone

141 2522 316 2608 solvuntur,
348 2527 381 2590 in
413 2546 483 2591 eom
509 2523 737 2610 ionpitndinem
763 2528 1015 2594 ratiocinationis
1044 2526 1231 2594 eatmdatnr

142 2634 281 2712 irdentic,
305 2638 340 2700 nt
363 2635 426 2700 nisi
447 2637 599 2701 memoria
609 2634 787 2721 ptnrimnm
810 2633 913 2702 volem
935 2640 1027 2720 atque
1049 2637 1162 2720 oipeat,
1186 2635 1230 2701 od

142 2748 247 2827 capnt,
270 2741 354 2807 ande
376 2740 538 2828 opobaor,
573 2743 737 2828 dipntotor
760 2743 864 2808 redire
886 2763 948 2808 non
966 2746 1079 2830 possit.
1133 2742 1234 2810 Valde

142 2855 245 2917 odon
261 2848 373 2915 bonnm
397 2858 451 2932 est,
475 2859 509 2915 nt
532 2851 686 2938 quidquid
702 2852 878 2917 contradici
894 2857 999 2937 potest
1014 2854 1043 2918 si
1058 2853 1230 2919 occmrcrit

143 2957 308 3042 residetur,
332 2980 370 3023 ne
393 2957 438 3023 ibi
452 2968 607 3042 occurrat,
632 2959 686 3024 nbi
707 2981 771 3025 non
794 2953 861 3026 rst⁹
884 2962 938 3045 qni
953 2960 1150 3046 respondeat,
1175 2969 1231 3026 out

141 3069 300 3152 praesciti
323 3067 456 3152 quidem,
485 3069 539 3132 sed
563 3071 676 3135 tacenti
700 3074 855 3150 occurrat,
888 3061 955 3135 e²⁰
975 3071 1080 3135 minsa
1102 3077 1233 3136 condus

143 3174 297 3242 abscedat.
332 3175 373 3242 In
396 3174 461 3242 dtis
484 3186 587 3243 antem
610 3177 792 3263 apostolicis
814 3177 914 3244 ontis
938 3178 1033 3245 dictio
1057 3183 1230 3263 temperata

143 3289 223 3351 ese-.-
259 3284 430 3366 ,Seniorem
461 3306 499 3350 ne
528 3288 755 3372 increpaveris,
786 3287 841 3351 sed
870 3286 995 3352 obsecra
1026 3293 1062 3354 nt
1087 3295 1210 3372 patrem
1216 3310 1231 3370 ;

235 3496 294 3552 ⁸1.
316 3496 387 3553 'Iius
407 3497 442 3567 V,
464 3497 532 3566 1,2.

237 3657 1233 3732 qumpnvag’ocPP1sug.‚0onVu13qu5.·0m1ff,

144 3751 303 3822 «luins.⁴
322 3752 433 3808 irritum
453 3753 523 3809 tacit
535 3751 663 3825 vulg
682 3752 985 3822 promissionomP.⁸
1004 3754 1147 3823 proposita
1159 3757 1232 3825 Aug.

145 3840 592 3900 'commoe⁸oocurrorct8.
632 3842 856 3915 ’mtsugst
857 3842 995 3900 nodos
