2744 4456
474 247 477 255 ¹
581 293 625 304 -
672 258 738 334 Ι184
785 293 830 304 -

122 533 125 538 ,
252 456 483 524 Jooinianistae
511 457 727 525 alcuiniana
751 459 888 542 quodum
909 455 1061 523 manucla
1093 457 1171 523 dicti
1193 457 1254 521 ad-

161 573 304 647 serentes,
335 563 461 632 ’33333333
475 624 481 635 .
494 568 680 652 nuptiarum
694 571 741 633 a
763 567 923 650 cirpinum
955 586 1018 631 esse
1053 565 1251 647 distantiam,

162 673 342 760 nulluncque
364 676 447 741 inter
469 675 656 765 abstinentes
679 680 707 742 33
736 673 920 760 simpliciter
949 668 1169 742 ambulantes²
1193 694 1255 739 esse
1313 673 1317 682 '

164 782 339 849 discriuun.
894 869 897 873 ἦ

255 875 421 979 Elpidiani
442 912 465 958 a
487 891 616 958 Eloidio
639 893 805 970 nominati,
829 893 884 976 qui
906 891 1024 974 dicunt,
1044 898 1123 977 post
1145 898 1256 957 natum
1317 948 1322 958 .

167 999 325 1067 Cbristnm
348 999 430 1067 alios
454 1000 597 1067 Mariam
618 999 704 1084 filios
727 1001 765 1065 de
789 1002 857 1065 oiro
880 1000 999 1086 Josepn
1018 1002 1184 1087 peperisse.

256 1108 446 1176 Pctemiam'
475 1131 496 1174 o
525 1109 665 1188 Paterno
695 1109 833 1193 quodam
849 1113 973 1192 333333,
1004 1110 1059 1194 qui
1088 1109 1258 1193 inferiores
1320 1189 1324 1194 .

166 1219 309 1302 corporis
330 1222 439 1302 333333
463 1239 484 1282 3
508 1215 634 1283 diabolo
658 1216 727 1300 fact
728 1238 765 1282 as
788 1219 971 1302 opinantur.

257 1323 392 1390 Arabici
426 1327 599 1410 nuncupati
633 1346 668 1389 eo
703 1325 788 1409 quod
822 1327 857 1389 in
890 1325 1015 1391 Arabia
1050 1329 1152 1392 eaorti
1185 1334 1258 1392 sunt

166 1433 310 1515 dicentes,
327 1434 468 1497 animam
483 1451 552 1497 cum
562 1452 712 1573 corpore
709 1433 897 1539 morituram
905 1424 1050 1517 ²'atque
1037 1456 1072 1498 m
1087 1436 1257 1500 nouissimo

168 1534 242 1606 die³
266 1545 429 1626 utrumque
451 1533 643 1624 3333393331.
814 1603 817 1609 ,

263 1647 524 1715 Tertulliauistae
535 1649 612 1712 dicti
627 1669 647 1712 n
665 1647 873 1730 Tertulliano,
884 1648 1015 1734 presbyt
1003 1657 1068 1714 tero
1073 1582 1260 1733 Africanae
1359 1661 1364 1674 “

162 1757 348 1843 provinciae
375 1763 404 1821 33
427 1757 485 1820 civi
481 1756 562 1822 ‘tates
588 1754 854 1840 Cartbapinensis,
887 1759 1028 1822 animam
1051 1756 1261 1823 immortalem

169 1885 232 1931 csse
269 1864 325 1930 sed
362 1883 547 1950 corpoream
586 1863 826 1948 praedicantes,
870 1870 899 1931 rt
937 1867 1062 1930 animas
1101 1864 1261 1929 bominum

167 1977 367 2059 peccatorum
391 1977 467 2058 post
494 1977 625 2038 33333333
655 1974 688 2036 in
721 1971 886 2037 daemones
916 1965 1074 2038 conoerti⁵
1104 1981 1261 2058 pitinates.

144 2064 147 2071 ¹
267 2072 599 2147 Tessaresdecoditae⁸
634 2077 732 2162 dicti,
778 2080 863 2164 quod
909 2081 1147 2164 peramadecimo
1185 2080 1264 2146 luna

171 2189 289 2274 pasclca
301 2208 369 2254 cum
382 2187 516 2254 Judaeis
529 2187 759 2255 obseruandum
770 2189 961 2256 contendant
971 2182 1004 2272 ⁷,'·
1020 2207 1096 2256 nam
1108 2183 1262 2255 tessares8

171 2290 330 2383 quattuor,
354 2296 431 2362 deca
454 2295 557 2362 decem
579 2297 746 2382 sipnificat.

263 2397 443 2490 Npaa9a⁹
474 2424 495 2470 a
527 2425 635 2470 somno
666 2407 858 2516 nrcncupati,
891 2406 975 2490 quod
1008 2394 1142 2489 cipilias
1164 2408 1264 2472 3333333

172 2520 370 2654 respupnt,
334 2504 361 2545 ²⁰
393 2506 653 2614 superstitionem
659 2510 721 2578 csse
738 2513 899 2578 dicentes
886 2535 961 2578 3333
976 2521 1126 2579 temerare
1142 2513 1263 2595 (licina,
1336 2583 1338 2589 ,

173 2614 273 2707 333331
275 2615 429 2686 13333333
451 2621 496 2699 ad
518 2622 655 2706 requiem
677 2620 795 2686 tribuit.

128 2733 130 2737 ’
265 2729 435 2815 Pelopiani
472 2750 492 2793 a
531 2728 664 2812 Pelopia
705 2729 857 2795 monacbc
896 2731 1019 2804 exorti·
1061 2729 1096 2794 bi
1134 2728 1266 2794 liberum

81 2879 86 2887 ·
176 2837 344 2904 arbitrium
379 2835 505 2902 diuinae
538 2839 663 2922 pratiae
702 2822 894 2926 anteponunt
928 2839 1080 2919 dicentes,
1118 2837 1266 2920 srrfficere

91 2955 116 2988 ·'
175 2945 365 3013 voluntatem
388 2945 432 3010 ad
454 2944 616 3031 implentia
639 2946 748 3010 divina
771 2947 867 3012 iussa.

266 3033 460 3134 Nestoriani
491 3075 513 3120 a
550 3054 697 3120 Nestorio
739 3053 1087 3138 Constantinopolitano
1122 3056 1266 3138 episcopo

177 3164 366 3249 nuncupati,
406 3164 460 3246 qui
495 3161 617 3228 beatam
648 3164 799 3247 cirpinem
833 3162 975 3227 allaricm
1010 3184 1073 3227 3333
1109 3163 1176 3243 clei,
1212 3163 1276 3226 secl.

178 3273 313 3338 barnim's
328 3271 543 3337 tantummodo
560 3272 701 3338 adsensit
715 3272 905 3356 penitricem,
930 3276 964 3336 33
980 3269 1077 3337 aliam
1094 3291 1268 3356 personam
1292 3330 1293 3333 ,

179 3384 295 3463 caruis,
320 3379 416 3443 oliam
441 3380 561 3460 faceret
584 3380 719 3459 deitatis,
743 3401 798 3444 nec
821 3400 919 3443 unum
937 3379 1092 3445 Christum
1119 3380 1151 3442 in
1174 3377 1267 3443 acrba

161 3616 164 3621 ,
272 3554 444 3623 ¹epu1antes
464 3556 522 3611 tos.
561 3553 653 3612 'mori
673 3556 730 3611 cal.
770 3554 838 3610 ³sic
857 3555 884 3622 J,
903 3572 946 3610 om
966 3572 1007 3610 oa.
1045 3553 1183 3625 ‘resurgi
1201 3552 1267 3608 PP¹.

180 3647 191 3678 ⁶
204 3645 277 3702 verti
286 3645 312 3700 J.
339 3642 402 3700 ⁶sic
416 3661 447 3700 33
456 3647 508 3715 ph,·
529 3646 778 3702 tessarodecaditae
792 3662 823 3700 33
836 3661 892 3700 exc.
907 3646 976 3714 hph;
998 3644 1270 3700 tessarescaedecati-

182 3744 226 3794 tae
246 3738 272 3792 h.
293 3737 620 3812 csaoapccunedeunlanc
639 3737 665 3792 J.
711 3734 721 3766 ⁷
743 3737 914 3791 contendant
931 3736 968 3790 M.
1014 3734 1025 3765 ⁸
1044 3739 1150 3790 tessara
1168 3733 1270 3790 ΡΡ133.

181 3844 237 3884 exc.
251 3829 298 3897 ph.
319 3826 479 3897 ’Nigtagcs
489 3827 526 3895 M,
537 3833 664 3894 nyctares
674 3827 742 3882 k¹m.
773 3825 795 3877 ,¹⁰
805 3831 938 3894 respuant
949 3841 979 3880 oe
988 3824 1014 3879 J.
1046 3824 1067 3856 ¹¹
1077 3825 1124 3893 qui
1134 3824 1191 3879 ΡΡ,ι
1201 3840 1233 3880 33
1242 3824 1262 3880 J
1265 3869 1270 3879 .
