2744 4456
777 185 1145 260 --78-x

345 389 457 458 vinnm
472 387 520 460 ,in
551 385 653 456 calice
683 393 849 456 monstrat
878 393 1105 464 sacramenta,
1137 405 1223 471 quae
1253 387 1294 455 de
1324 387 1372 456 la·

346 497 466 588 domini
488 497 523 564 in
546 489 643 565 cruce
665 496 843 574 duxerunt,
868 497 1070 580 quibusnos
1085 496 1194 580 potati
1208 514 1330 564 snmus.

345 607 468 699 missio
485 606 581 690 panis
610 605 646 673 in
674 605 788 675 vinnm
810 605 904 676 varie
934 605 1023 688 apud
1050 605 1209 689 quosdam
1231 606 1349 673 habeo

333 715 465 801 agitur.
513 714 592 782 Itali
615 733 745 798 quoque
774 714 878 797 primo
909 714 1050 782 mittunt
1080 713 1121 780 de
1149 718 1265 782 sancto
1292 732 1372 798 pan

345 823 479 892 calicem
494 829 530 892 et
543 829 661 907 postea
676 823 791 890 dicunt
801 841 867 908 pax
883 822 1013 890 domini.
1038 821 1151 905 Aliqui
1161 841 1242 893 vero
1257 841 1326 889 ιιι·
1361 851 1365 865 ·

344 932 577 999 immissionem
600 931 784 1015 usquedum
806 950 872 1016 pax
890 932 1063 1000 celebrata
1075 930 1120 998 sit
1136 937 1171 999 et
1185 928 1305 999 fractio
1336 958 1362 989 ιι

345 1039 485 1108 Romani
503 1060 584 1110 vero
608 1059 681 1108 cum
705 1039 835 1107 dicunt:
868 1040 941 1108 Pax
963 1039 1085 1107 domini
1108 1039 1154 1107 sit
1176 1058 1307 1123 semper
1328 1059 1366 1109 v·

346 1169 428 1226 cum,
454 1148 594 1216 mittunt
616 1167 734 1231 corpus
755 1147 877 1215 domini
890 1147 924 1215 in
942 1147 1076 1216 calicem
1091 1148 1224 1216 oblatae
1241 1149 1363 1234 partic·

344 1257 457 1343 Ipsum
481 1251 598 1341 corpus
622 1256 715 1324 nobis
740 1262 820 1324 ante
843 1256 953 1324 oculos
977 1257 1134 1334 ostendit,
1158 1257 1323 1341 quodpro
1338 1277 1372 1324 ιιι

307 1377 312 1384 ’
346 1370 399 1434 est
421 1365 620 1433 crucifixum.
660 1365 740 1433 Ideo
763 1384 844 1441 vero
867 1365 979 1450 tangit
1001 1364 1161 1448 quattuor
1183 1365 1292 1434 latera
1340 1394 1344 1425 ι

345 1473 422 1557 quia
436 1493 497 1558 per
514 1473 595 1541 illud
611 1474 791 1541 humanum
804 1492 909 1559 genus
923 1492 983 1558 per
998 1478 1158 1556 quattuor
1173 1474 1307 1542 climata
1322 1495 1369 1542 m·

344 1583 388 1650 ad
403 1583 565 1650 unitatem
582 1582 679 1651 unias
694 1582 838 1665 corporis
851 1582 1029 1667 coniungit,
1047 1583 1136 1651 etad
1148 1601 1263 1667 pacem
1275 1583 1356 1652 eccl·
1369 1611 1372 1617 ·

345 1690 526 1759 catholicae
543 1696 578 1759 et
596 1690 796 1776 apostolicae
810 1690 972 1774 producit.
1013 1689 1148 1759 Talibus
1163 1710 1305 1776 namque
1319 1711 1364 1761 ve

344 1798 451 1867 mittit
471 1799 506 1866 in
529 1799 663 1866 calicem
687 1818 805 1882 corpus
828 1798 966 1866 domini:
995 1798 1057 1866 flat
1079 1799 1265 1868 com'mixtio
1288 1818 1326 1869 co
1353 1830 1359 1859 ι

345 1914 381 1976 et
400 1907 572 1996 sanguinis
595 1908 717 1975 domini
732 1907 969 1996 accipientilms
984 1908 1078 1975 nobis
1094 1908 1136 1975 ad
1153 1909 1295 1976 salutem
1311 1927 1365 1978 me

346 2024 382 2084 et
404 2016 548 2100 corporis
563 2016 597 2084 in
611 2016 716 2084 vitum
732 2023 913 2085 aeternam.
954 2016 1046 2084 'lunc
1060 2017 1200 2100 populns
1215 2016 1298 2087 facit
1322 2047 1328 2077 ι
1342 2047 1346 2073 2
1363 2048 1372 2077 ι

321 2131 384 2194 ¹ut
413 2126 619 2203 ostendatur,
651 2126 738 2209 quod
768 2145 828 2193 nos
858 2127 1006 2193 membra
1029 2126 1099 2194 eius
1131 2145 1254 2204 snmus,
1286 2126 1343 2211 qui

343 2235 437 2303 nobis
460 2234 635 2302 crucifixus
660 2240 713 2301 est
743 2239 780 2302 et
801 2235 994 2302 resurrexit.
1034 2234 1151 2303 Facta
1173 2253 1255 2318 pace
1278 2253 1355 2303 sace

63 2314 69 2326 ⁹
204 2324 208 2331 ’
344 2348 478 2438 rumpat
504 2343 650 2411 ubuum
675 2362 715 2411 ex
737 2343 845 2410 latere
868 2342 1002 2422 dextr03
1035 2361 1102 2409 nne
1128 2342 1347 2426 particula

344 2471 445 2536 snper
479 2451 578 2520 altari
616 2456 652 2519 et
679 2451 824 2535 reliquas
856 2450 1038 2520 oblationes
1072 2456 1177 2535 ponat
1211 2451 1247 2519 in
1276 2457 1371 2535 pates

343 2565 481 2628 tenente
504 2579 577 2627 eam
600 2559 745 2628 diacono.
794 2559 860 2628 Per
890 2560 1086 2644 particulam
1111 2560 1243 2628 oblatae
1264 2558 1368 2627 imm'

202 2687 208 2698 ·
308 2694 310 2698 ·
341 2668 377 2736 in
400 2668 534 2737 calicem
558 2667 705 2736 ostendit
729 2667 853 2736 Christi
876 2687 1005 2752 corpus,
1038 2668 1124 2751 quod
1154 2667 1220 2736 iam
1249 2685 1328 2736 resu

319 2793 364 2846 ⁴a
388 2777 542 2870 mortnis;
578 2796 638 2860 per
668 2782 848 2844 comestam
872 2796 893 2845 a
916 2777 1090 2845 sacerdote
1121 2782 1157 2844 et
1178 2776 1312 2860 populo,
1345 2795 1367 2859 q

342 2891 420 2970 post
445 2883 720 2954 resurrectionem
751 2886 860 2953 adhuc
889 2906 964 2975 cum
996 2885 1162 2969 discipulis
1194 2884 1367 2952 ambulans

342 3001 435 3063 terra
458 3000 495 3063 et
518 2995 661 3078 seipsum
682 2994 795 3064 rivum
811 2997 990 3078 praebens;
1016 3013 1076 3093 per
1094 2993 1245 3063 relictam
1266 2993 1302 3061 in
1317 2992 1350 3060 al

341 3102 490 3171 inmnnat
511 3123 585 3171 eum
599 3103 709 3172 iacere
730 3104 765 3170 iu
789 3101 939 3187 sepulcro
956 3110 992 3172 et
1002 3098 1031 3170 'a
1046 3102 1213 3187 discipulis
1227 3101 1262 3170 in
1277 3100 1369 3186 passi

287 3249 291 3257 ·
343 3211 546 3304 derelictum.
594 3209 774 3296 Quaeritur
807 3211 842 3279 in
877 3231 941 3296 quo
973 3213 1043 3279 loco
1077 3212 1253 3280 inchoatur
1287 3208 1372 3279 otu*

341 3319 463 3388 missae
486 3326 522 3388 et
545 3320 574 3387 si
596 3318 684 3388 forte
707 3320 750 3387 ad
773 3325 882 3389 totum
906 3319 1049 3388 officium
1072 3339 1136 3403 non
1157 3301 1347 3394 occurrerit,

163 3482 167 3489 .
224 3516 227 3522 ι
341 3435 557 3513 praesentare
592 3429 714 3497 debeat
748 3428 781 3496 in
816 3429 910 3498 initio
945 3429 1090 3497 missae?
1147 3427 1250 3497 Nobis
1283 3426 1372 3496 vide

342 3536 475 3605 missam
499 3537 610 3606 vocari
633 3539 676 3605 ab
694 3557 731 3605 eo
747 3539 831 3621 loco,⁸
853 3538 910 3606 nbi
925 3537 1041 3621 incipit
1055 3536 1209 3605 sacerdos
1233 3533 1370 3604 sacride'

342 3645 403 3714 deo
418 3644 536 3714 offerre
550 3664 655 3730 usque
670 3646 714 3714 ad
729 3646 880 3715 ultimam
895 3645 1166 3721 benedictionem,
1186 3663 1253 3729 qna
1268 3643 1363 3713 clau:

340 3755 455 3837 levita,
479 3754 575 3823 dicit.-
600 3754 665 3833 Ite,
690 3755 792 3823 missa
817 3761 882 3822 est.
970 3838 976 3849 .

761 3860 849 3918 Primi
868 3861 933 3918 libri
952 3861 1025 3918 duis.
