<?xml version="1.0" encoding="UTF-8"?>
<!DOCTYPE html PUBLIC "-//W3C//DTD XHTML 1.0 Transitional//EN"
    "http://www.w3.org/TR/xhtml1/DTD/xhtml1-transitional.dtd">
<html xmlns="http://www.w3.org/1999/xhtml" xml:lang="en" lang="en">
 <head>
  <title>
</title>
<meta http-equiv="Content-Type" content="text/html;charset=utf-8" />
  <meta name='ocr-system' content='tesseract 3.04.00' />
  <meta name='ocr-capabilities' content='ocr_page ocr_carea ocr_par ocr_line ocrx_word'/>
</head>
<body>
  <div class='ocr_page' id='page_1' title='image "./deinstitutionec00maurgoog_0092.png"; bbox 0 0 2744 4456; ppageno 0'>
   <div class='ocr_carea' id='block_1_1' title="bbox 559 255 851 321">
    <p class='ocr_par' dir='ltr' id='par_1_1' title="bbox 559 255 851 321">
     <span class='ocr_line' id='line_1_1' title="bbox 559 255 851 321; baseline 0.014 -23"><span class='ocrx_word' id='word_1_1' title='bbox 559 255 851 321; x_wconf 72' lang='lat'>..53-.</span> 
     </span>
    </p>
   </div>
   <div class='ocr_carea' id='block_1_2' title="bbox 451 439 812 571">
    <p class='ocr_par' dir='ltr' id='par_1_2' title="bbox 451 439 812 571">
     <span class='ocr_line' id='line_1_2' title="bbox 451 439 812 571; baseline 0.022 -21"><span class='ocrx_word' id='word_1_2' title='bbox 451 543 455 550; x_wconf 93' lang='lat'>.</span> <span class='ocrx_word' id='word_1_3' title='bbox 513 439 515 443; x_wconf 11' lang='lat'><strong>¹</strong></span> <span class='ocrx_word' id='word_1_4' title='bbox 591 487 748 571; x_wconf 81' lang='lat' dir='ltr'><strong>Cap.30.</strong></span> <span class='ocrx_word' id='word_1_5' title='bbox 809 520 812 526; x_wconf 95' lang='lat'>·</span> 
     </span>
    </p>
   </div>
   <div class='ocr_carea' id='block_1_3' title="bbox 130 630 1293 847">
    <p class='ocr_par' dir='ltr' id='par_1_3' title="bbox 130 630 1293 847">
     <span class='ocr_line' id='line_1_3' title="bbox 130 630 1293 735; baseline 0.003 -19"><span class='ocrx_word' id='word_1_6' title='bbox 130 649 189 717; x_wconf 82' lang='lat' dir='ltr'><strong>aa</strong></span> <span class='ocrx_word' id='word_1_7' title='bbox 204 648 498 717; x_wconf 78' lang='lat' dir='ltr'><strong>IMPOSITIONE</strong></span> <span class='ocrx_word' id='word_1_8' title='bbox 516 650 671 718; x_wconf 71' lang='lat' dir='ltr'><strong>nunus</strong></span> <span class='ocrx_word' id='word_1_9' title='bbox 687 649 978 718; x_wconf 79' lang='lat' dir='ltr'><strong>EPISOOPALIS</strong></span> <span class='ocrx_word' id='word_1_10' title='bbox 994 651 1053 719; x_wconf 81' lang='lat' dir='ltr'><strong>nn</strong></span> <span class='ocrx_word' id='word_1_11' title='bbox 1070 649 1214 735; x_wconf 75' lang='lat' dir='ltr'><strong>onais</strong></span> <span class='ocrx_word' id='word_1_12' title='bbox 1290 630 1293 635; x_wconf 82' lang='grc'><strong>’</strong></span> 
     </span>
     <span class='ocr_line' id='line_1_4' title="bbox 431 757 973 847; baseline 0 -21"><span class='ocrx_word' id='word_1_13' title='bbox 431 758 570 826; x_wconf 73' lang='lat' dir='ltr'><strong>nanis</strong></span> <span class='ocrx_word' id='word_1_14' title='bbox 594 757 906 827; x_wconf 73' lang='lat' dir='ltr'><strong>susannense</strong></span> <span class='ocrx_word' id='word_1_15' title='bbox 967 837 973 847; x_wconf 24' lang='lat'><strong><em>⁴</em></strong></span> 
     </span>
    </p>
   </div>
   <div class='ocr_carea' id='block_1_4' title="bbox 173 908 1216 1013">
    <p class='ocr_par' dir='ltr' id='par_1_4' title="bbox 173 908 1216 1013">
     <span class='ocr_line' id='line_1_5' title="bbox 173 908 1216 1013; baseline 0.003 -24"><span class='ocrx_word' id='word_1_16' title='bbox 173 908 176 915; x_wconf 41' lang='lat'>¹</span> <span class='ocrx_word' id='word_1_17' title='bbox 218 922 415 1007; x_wconf 81' lang='lat' dir='ltr'><strong>,Nouissime</strong></span> <span class='ocrx_word' id='word_1_18' title='bbox 438 927 588 1008; x_wconf 78' lang='lat' dir='ltr'><strong>autema</strong></span> <span class='ocrx_word' id='word_1_19' title='bbox 602 947 722 992; x_wconf 84' lang='lat' dir='ltr'><strong>summo</strong></span> <span class='ocrx_word' id='word_1_20' title='bbox 738 927 899 992; x_wconf 77' lang='lat' dir='ltr'><strong><em>sacerdote</em></strong></span> <span class='ocrx_word' id='word_1_21' title='bbox 912 948 971 1012; x_wconf 86' lang='lat' dir='ltr'><strong>per</strong></span> <span class='ocrx_word' id='word_1_22' title='bbox 986 923 1216 1013; x_wconf 70' lang='lat' dir='ltr'><strong>impositionem</strong></span> 
     </span>
    </p>
   </div>
   <div class='ocr_carea' id='block_1_5' title="bbox 109 1028 1367 1120">
    <p class='ocr_par' dir='ltr' id='par_1_5' title="bbox 109 1028 1367 1120">
     <span class='ocr_line' id='line_1_6' title="bbox 109 1028 1367 1120; baseline 0.004 -24"><span class='ocrx_word' id='word_1_23' title='bbox 109 1052 248 1115; x_wconf 43' lang='lat' dir='ltr'><strong>,menna</strong></span> <span class='ocrx_word' id='word_1_24' title='bbox 271 1028 460 1112; x_wconf 84' lang='lat' dir='ltr'><strong>paracletus</strong></span> <span class='ocrx_word' id='word_1_25' title='bbox 484 1029 631 1097; x_wconf 80' lang='lat' dir='ltr'><strong>traditur</strong></span> <span class='ocrx_word' id='word_1_26' title='bbox 652 1030 708 1111; x_wconf 84' lang='lat' dir='ltr'><strong>ilh&#39;,</strong></span> <span class='ocrx_word' id='word_1_27' title='bbox 733 1037 865 1120; x_wconf 79' lang='lat' dir='ltr'><strong>spiritns</strong></span> <span class='ocrx_word' id='word_1_28' title='bbox 889 1040 1034 1114; x_wconf 71' lang='lat' dir='ltr'><strong>sanctus</strong></span> <span class='ocrx_word' id='word_1_29' title='bbox 1068 1043 1101 1102; x_wconf 83' lang='lat' dir='ltr'><strong>ut</strong></span> <span class='ocrx_word' id='word_1_30' title='bbox 1123 1034 1239 1101; x_wconf 71' lang='lat' dir='ltr'><strong>sobo.</strong></span> <span class='ocrx_word' id='word_1_31' title='bbox 1307 1094 1309 1099; x_wconf 25' lang='lat'><strong>⁴</strong></span> <span class='ocrx_word' id='word_1_32' title='bbox 1363 1073 1367 1080; x_wconf 95' lang='lat'>·</span> 
     </span>
    </p>
   </div>
   <div class='ocr_carea' id='block_1_6' title="bbox 127 1135 1298 1443">
    <p class='ocr_par' dir='ltr' id='par_1_6' title="bbox 127 1135 1298 1443">
     <span class='ocr_line' id='line_1_7' title="bbox 127 1135 1218 1229; baseline 0.007 -27"><span class='ocrx_word' id='word_1_33' title='bbox 127 1147 212 1206; x_wconf 81' lang='lat' dir='ltr'><strong>retur</strong></span> <span class='ocrx_word' id='word_1_34' title='bbox 233 1161 292 1224; x_wconf 83' lang='lat' dir='ltr'><strong>per</strong></span> <span class='ocrx_word' id='word_1_35' title='bbox 322 1135 474 1226; x_wconf 72' lang='lat' dir='ltr'><strong>spirirum</strong></span> <span class='ocrx_word' id='word_1_36' title='bbox 499 1150 643 1207; x_wconf 83' lang='lat' dir='ltr'><strong>sanctum</strong></span> <span class='ocrx_word' id='word_1_37' title='bbox 675 1144 719 1208; x_wconf 83' lang='lat' dir='ltr'><strong>ad</strong></span> <span class='ocrx_word' id='word_1_38' title='bbox 745 1144 1000 1229; x_wconf 79' lang='lat' dir='ltr'><strong>praedicandum</strong></span> <span class='ocrx_word' id='word_1_39' title='bbox 1030 1143 1104 1211; x_wconf 80' lang='lat' dir='ltr'><strong>aliis</strong></span> <span class='ocrx_word' id='word_1_40' title='bbox 1134 1144 1218 1210; x_wconf 81' lang='lat' dir='ltr'><strong>idem</strong></span> 
     </span>
     <span class='ocr_line' id='line_1_8' title="bbox 128 1243 1215 1338; baseline 0.006 -27"><span class='ocrx_word' id='word_1_41' title='bbox 128 1243 255 1321; x_wconf 86' lang='lat' dir='ltr'><strong>donum,</strong></span> <span class='ocrx_word' id='word_1_42' title='bbox 280 1245 367 1328; x_wconf 90' lang='lat' dir='ltr'><strong>quod</strong></span> <span class='ocrx_word' id='word_1_43' title='bbox 388 1244 460 1328; x_wconf 90' lang='lat' dir='ltr'><strong>ipse</strong></span> <span class='ocrx_word' id='word_1_44' title='bbox 482 1246 517 1312; x_wconf 91' lang='lat' dir='ltr'><strong>in</strong></span> <span class='ocrx_word' id='word_1_45' title='bbox 539 1247 741 1330; x_wconf 89' lang='lat' dir='ltr'><strong>baptismate</strong></span> <span class='ocrx_word' id='word_1_46' title='bbox 757 1256 953 1317; x_wconf 87' lang='lat' dir='ltr'><strong>consecutus</strong></span> <span class='ocrx_word' id='word_1_47' title='bbox 973 1256 1033 1330; x_wconf 77' lang='lat' dir='ltr'><strong>est,</strong></span> <span class='ocrx_word' id='word_1_48' title='bbox 1057 1274 1116 1338; x_wconf 82' lang='lat' dir='ltr'><strong>per</strong></span> <span class='ocrx_word' id='word_1_49' title='bbox 1138 1263 1215 1336; x_wconf 78' lang='lat' dir='ltr'><strong>pro·</strong></span> 
     </span>
     <span class='ocr_line' id='line_1_9' title="bbox 127 1356 1298 1443; baseline -0.002 -21"><span class='ocrx_word' id='word_1_50' title='bbox 127 1359 200 1422; x_wconf 80' lang='lat' dir='ltr'><strong>tiam</strong></span> <span class='ocrx_word' id='word_1_51' title='bbox 224 1360 307 1423; x_wconf 83' lang='lat' dir='ltr'><strong>vitoe</strong></span> <span class='ocrx_word' id='word_1_52' title='bbox 329 1357 465 1424; x_wconf 83' lang='lat' dir='ltr'><strong>donatus</strong></span> <span class='ocrx_word' id='word_1_53' title='bbox 485 1357 676 1424; x_wconf 77' lang='lat' dir='ltr'><strong>oetemoe⁸.“</strong></span> <span class='ocrx_word' id='word_1_54' title='bbox 726 1356 904 1443; x_wconf 73' lang='lat' dir='ltr'><strong>Signatur¹</strong></span> <span class='ocrx_word' id='word_1_55' title='bbox 920 1358 1006 1426; x_wconf 86' lang='lat' dir='ltr'><strong>enim</strong></span> <span class='ocrx_word' id='word_1_56' title='bbox 1021 1358 1213 1441; x_wconf 86' lang='lat' dir='ltr'><strong>baptizatus</strong></span> <span class='ocrx_word' id='word_1_57' title='bbox 1295 1415 1298 1420; x_wconf 88' lang='lat'>.</span> 
     </span>
    </p>
   </div>
   <div class='ocr_carea' id='block_1_7' title="bbox 15 1462 1214 1550">
    <p class='ocr_par' dir='ltr' id='par_1_7' title="bbox 15 1462 1214 1550">
     <span class='ocr_line' id='line_1_10' title="bbox 15 1462 1214 1550; baseline 0.004 -20"><span class='ocrx_word' id='word_1_58' title='bbox 15 1513 27 1538; x_wconf 73' lang='lat'><strong>,</strong></span> <span class='ocrx_word' id='word_1_59' title='bbox 127 1482 197 1531; x_wconf 92' lang='lat' dir='ltr'><strong>cum</strong></span> <span class='ocrx_word' id='word_1_60' title='bbox 222 1462 401 1531; x_wconf 83' lang='lat' dir='ltr'><strong>chrismate</strong></span> <span class='ocrx_word' id='word_1_61' title='bbox 423 1483 483 1546; x_wconf 90' lang='lat' dir='ltr'><strong>per</strong></span> <span class='ocrx_word' id='word_1_62' title='bbox 506 1465 711 1533; x_wconf 79' lang='lat' dir='ltr'>sacerdotem</span> <span class='ocrx_word' id='word_1_63' title='bbox 734 1465 768 1533; x_wconf 91' lang='lat' dir='ltr'><strong>in</strong></span> <span class='ocrx_word' id='word_1_64' title='bbox 785 1467 903 1549; x_wconf 87' lang='lat' dir='ltr'><strong>capitis</strong></span> <span class='ocrx_word' id='word_1_65' title='bbox 920 1467 1127 1546; x_wconf 85' lang='lat' dir='ltr'><strong>summitate;</strong></span> <span class='ocrx_word' id='word_1_66' title='bbox 1152 1485 1214 1550; x_wconf 88' lang='lat' dir='ltr'><strong>per</strong></span> 
     </span>
    </p>
   </div>
   <div class='ocr_carea' id='block_1_8' title="bbox 116 1570 1213 2083">
    <p class='ocr_par' dir='ltr' id='par_1_8' title="bbox 116 1570 1213 1984">
     <span class='ocr_line' id='line_1_11' title="bbox 126 1570 1201 1660; baseline 0.004 -22"><span class='ocrx_word' id='word_1_67' title='bbox 126 1570 312 1655; x_wconf 90' lang='lat' dir='ltr'><strong>pontificem</strong></span> <span class='ocrx_word' id='word_1_68' title='bbox 342 1572 478 1640; x_wconf 82' lang='lat' dir='ltr'><strong>veroin</strong></span> <span class='ocrx_word' id='word_1_69' title='bbox 503 1571 623 1653; x_wconf 86' lang='lat' dir='ltr'><strong>fronte,</strong></span> <span class='ocrx_word' id='word_1_70' title='bbox 656 1579 696 1640; x_wconf 91' lang='lat' dir='ltr'><strong>nt</strong></span> <span class='ocrx_word' id='word_1_71' title='bbox 725 1571 780 1640; x_wconf 77' lang='lat' dir='ltr'><strong>in²</strong></span> <span class='ocrx_word' id='word_1_72' title='bbox 802 1575 911 1658; x_wconf 83' lang='lat' dir='ltr'><strong>priore</strong></span> <span class='ocrx_word' id='word_1_73' title='bbox 934 1575 1089 1642; x_wconf 89' lang='lat' dir='ltr'><strong>unctione</strong></span> <span class='ocrx_word' id='word_1_74' title='bbox 1117 1593 1201 1660; x_wconf 78' lang='lat' dir='ltr'><strong>mgni</strong></span> 
     </span>
     <span class='ocr_line' id='line_1_12' title="bbox 126 1664 1213 1765; baseline 0.002 -17"><span class='ocrx_word' id='word_1_75' title='bbox 126 1679 243 1748; x_wconf 87' lang='lat' dir='ltr'><strong>ficetur</strong></span> <span class='ocrx_word' id='word_1_76' title='bbox 267 1680 402 1764; x_wconf 86' lang='lat' dir='ltr'><strong>spiritus</strong></span> <span class='ocrx_word' id='word_1_77' title='bbox 427 1664 534 1748; x_wconf 83' lang='lat' dir='ltr'><strong>sancti</strong></span> <span class='ocrx_word' id='word_1_78' title='bbox 562 1700 661 1765; x_wconf 91' lang='lat' dir='ltr'><strong>snper</strong></span> <span class='ocrx_word' id='word_1_79' title='bbox 690 1682 796 1765; x_wconf 90' lang='lat' dir='ltr'><strong>ipsum</strong></span> <span class='ocrx_word' id='word_1_80' title='bbox 827 1683 995 1762; x_wconf 81' lang='lat' dir='ltr'><strong>descensio</strong></span> <span class='ocrx_word' id='word_1_81' title='bbox 1020 1670 1062 1751; x_wconf 83' lang='lat' dir='ltr'><strong>ad</strong></span> <span class='ocrx_word' id='word_1_82' title='bbox 1085 1682 1213 1750; x_wconf 84' lang='lat' dir='ltr'><strong>habito·</strong></span> 
     </span>
     <span class='ocr_line' id='line_1_13' title="bbox 116 1788 1211 1875; baseline 0.003 -20"><span class='ocrx_word' id='word_1_83' title='bbox 116 1788 248 1856; x_wconf 82' lang='lat' dir='ltr'><strong>tionem</strong></span> <span class='ocrx_word' id='word_1_84' title='bbox 263 1789 324 1862; x_wconf 88' lang='lat' dir='ltr'><strong>deo</strong></span> <span class='ocrx_word' id='word_1_85' title='bbox 340 1790 610 1870; x_wconf 65' lang='lat' dir='ltr'><strong>consecrandam</strong></span> <span class='ocrx_word' id='word_1_86' title='bbox 635 1790 670 1858; x_wconf 93' lang='lat' dir='ltr'><strong>in</strong></span> <span class='ocrx_word' id='word_1_87' title='bbox 686 1791 831 1858; x_wconf 80' lang='lat' dir='ltr'><strong>secunda</strong></span> <span class='ocrx_word' id='word_1_88' title='bbox 846 1811 984 1875; x_wconf 88' lang='lat' dir='ltr'><strong>quoqne,</strong></span> <span class='ocrx_word' id='word_1_89' title='bbox 1009 1798 1049 1860; x_wconf 90' lang='lat' dir='ltr'><strong>ut</strong></span> <span class='ocrx_word' id='word_1_90' title='bbox 1065 1792 1211 1860; x_wconf 66' lang='lat' dir='ltr'><strong>eusdem</strong></span> 
     </span>
     <span class='ocr_line' id='line_1_14' title="bbox 127 1883 1212 1984; baseline 0.004 -20"><span class='ocrx_word' id='word_1_91' title='bbox 127 1896 261 1981; x_wconf 87' lang='lat' dir='ltr'><strong>spiritus</strong></span> <span class='ocrx_word' id='word_1_92' title='bbox 292 1897 398 1964; x_wconf 88' lang='lat' dir='ltr'><strong>sancti</strong></span> <span class='ocrx_word' id='word_1_93' title='bbox 429 1897 630 1981; x_wconf 84' lang='lat' dir='ltr'><strong>septiformis</strong></span> <span class='ocrx_word' id='word_1_94' title='bbox 661 1899 772 1984; x_wconf 83' lang='lat' dir='ltr'><strong>gratia</strong></span> <span class='ocrx_word' id='word_1_95' title='bbox 800 1919 872 1966; x_wconf 89' lang='lat' dir='ltr'><strong>cnm</strong></span> <span class='ocrx_word' id='word_1_96' title='bbox 897 1901 984 1968; x_wconf 90' lang='lat' dir='ltr'><strong>omni</strong></span> <span class='ocrx_word' id='word_1_97' title='bbox 1007 1883 1212 1984; x_wconf 87' lang='lat' dir='ltr'><strong>plenitudiue</strong></span> 
     </span>
    </p>

    <p class='ocr_par' dir='ltr' id='par_1_9' title="bbox 126 2005 1213 2083">
     <span class='ocr_line' id='line_1_15' title="bbox 126 2005 1213 2083; baseline 0.004 -11"><span class='ocrx_word' id='word_1_98' title='bbox 126 2005 315 2073; x_wconf 68' lang='lat' dir='ltr'><strong>sanctitatis</strong></span> <span class='ocrx_word' id='word_1_99' title='bbox 347 2011 383 2073; x_wconf 89' lang='lat' dir='ltr'><strong>et</strong></span> <span class='ocrx_word' id='word_1_100' title='bbox 413 2006 572 2083; x_wconf 79' lang='lat' dir='ltr'><strong>scientiae</strong></span> <span class='ocrx_word' id='word_1_101' title='bbox 605 2013 640 2074; x_wconf 87' lang='lat' dir='ltr'><strong>et</strong></span> <span class='ocrx_word' id='word_1_102' title='bbox 670 2007 807 2075; x_wconf 88' lang='lat' dir='ltr'><strong>virtutis</strong></span> <span class='ocrx_word' id='word_1_103' title='bbox 839 2008 955 2076; x_wconf 83' lang='lat' dir='ltr'><strong>venire</strong></span> <span class='ocrx_word' id='word_1_104' title='bbox 984 2008 1018 2076; x_wconf 93' lang='lat' dir='ltr'><strong>in</strong></span> <span class='ocrx_word' id='word_1_105' title='bbox 1049 2008 1213 2076; x_wconf 89' lang='lat' dir='ltr'><strong>hominem</strong></span> 
     </span>
    </p>
   </div>
   <div class='ocr_carea' id='block_1_9' title="bbox 215 2166 774 2238">
    <p class='ocr_par' dir='ltr' id='par_1_10' title="bbox 215 2149 774 2262">
     <span class='ocr_line' id='line_1_16' title="bbox 215 2166 774 2238; baseline 0.004 -17"><span class='ocrx_word' id='word_1_106' title='bbox 215 2178 229 2208; x_wconf 80' lang='lat'>⁸</span> <span class='ocrx_word' id='word_1_107' title='bbox 249 2166 350 2223; x_wconf 78' lang='lat' dir='ltr'><strong>Alcuiu</strong></span> <span class='ocrx_word' id='word_1_108' title='bbox 370 2183 411 2237; x_wconf 88' lang='lat' dir='ltr'><strong>ep.</strong></span> <span class='ocrx_word' id='word_1_109' title='bbox 431 2167 486 2224; x_wconf 87' lang='lat' dir='ltr'><strong>lIG</strong></span> <span class='ocrx_word' id='word_1_110' title='bbox 505 2184 566 2238; x_wconf 91' lang='lat' dir='ltr'><strong>epp.</strong></span> <span class='ocrx_word' id='word_1_111' title='bbox 586 2168 623 2223; x_wconf 93' lang='lat' dir='ltr'><strong>II.</strong></span> <span class='ocrx_word' id='word_1_112' title='bbox 643 2186 669 2237; x_wconf 90' lang='lat' dir='ltr'><strong>p.</strong></span> <span class='ocrx_word' id='word_1_113' title='bbox 685 2169 746 2224; x_wconf 85' lang='lat'>203.</span> <span class='ocrx_word' id='word_1_114' title='bbox 767 2194 774 2207; x_wconf 93' lang='lat'><strong>·</strong></span> 
     </span>
    </p>
   </div>
   <div class='ocr_carea' id='block_1_10' title="bbox 216 2285 1320 2371">
    <p class='ocr_par' dir='ltr' id='par_1_11' title="bbox 216 2285 1320 2371">
     <span class='ocr_line' id='line_1_17' title="bbox 216 2285 1320 2371; baseline 0.004 -22"><span class='ocrx_word' id='word_1_115' title='bbox 216 2293 228 2320; x_wconf 81' lang='lat'><strong>⁴</strong></span> <span class='ocrx_word' id='word_1_116' title='bbox 253 2294 388 2371; x_wconf 73' lang='lat' dir='ltr'><strong>Signatur</strong></span> <span class='ocrx_word' id='word_1_117' title='bbox 413 2295 486 2350; x_wconf 90' lang='lat' dir='ltr'><strong>enim</strong></span> <span class='ocrx_word' id='word_1_118' title='bbox 513 2295 674 2364; x_wconf 82' lang='lat' dir='ltr'><strong>baptizatus</strong></span> <span class='ocrx_word' id='word_1_119' title='bbox 699 2285 829 2352; x_wconf 82' lang='lat' dir='ltr'><strong>crismate</strong></span> <span class='ocrx_word' id='word_1_120' title='bbox 853 2296 955 2366; x_wconf 88' lang='lat' dir='ltr'><strong>capitis</strong></span> <span class='ocrx_word' id='word_1_121' title='bbox 979 2296 1143 2352; x_wconf 84' lang='lat' dir='ltr'><strong>summitate</strong></span> <span class='ocrx_word' id='word_1_122' title='bbox 1168 2312 1218 2366; x_wconf 87' lang='lat' dir='ltr'><strong>par</strong></span> <span class='ocrx_word' id='word_1_123' title='bbox 1315 2301 1320 2311; x_wconf 88' lang='grc'><strong>“</strong></span> 
     </span>
    </p>
   </div>
   <div class='ocr_carea' id='block_1_11' title="bbox 125 2369 1232 2547">
    <p class='ocr_par' dir='ltr' id='par_1_12' title="bbox 125 2369 1232 2547">
     <span class='ocr_line' id='line_1_18' title="bbox 126 2369 1232 2470; baseline 0.001 -29"><span class='ocrx_word' id='word_1_124' title='bbox 126 2384 302 2452; x_wconf 70' lang='grc' dir='ltr'><strong>εωοτὰοωω,</strong></span> <span class='ocrx_word' id='word_1_125' title='bbox 320 2390 355 2440; x_wconf 89' lang='lat' dir='ltr'><strong>nt</strong></span> <span class='ocrx_word' id='word_1_126' title='bbox 373 2385 490 2455; x_wconf 87' lang='lat' dir='ltr'><strong>spiritus</strong></span> <span class='ocrx_word' id='word_1_127' title='bbox 509 2386 599 2441; x_wconf 85' lang='lat' dir='ltr'><strong>sancti</strong></span> <span class='ocrx_word' id='word_1_128' title='bbox 618 2387 749 2470; x_wconf 80' lang='lat' dir='ltr'><strong>unctione</strong></span> <span class='ocrx_word' id='word_1_129' title='bbox 769 2386 959 2442; x_wconf 87' lang='lat' dir='ltr'><strong>habitaculum</strong></span> <span class='ocrx_word' id='word_1_130' title='bbox 972 2380 1081 2442; x_wconf 75' lang='lat' dir='ltr'><strong>Dao&#39;in</strong></span> <span class='ocrx_word' id='word_1_131' title='bbox 1101 2369 1232 2442; x_wconf 76' lang='lat' dir='ltr'><strong>homiue⁴</strong></span> 
     </span>
     <span class='ocr_line' id='line_1_19' title="bbox 125 2475 1216 2547; baseline 0.002 -17"><span class='ocrx_word' id='word_1_132' title='bbox 125 2481 298 2530; x_wconf 72' lang='lat' dir='ltr'><strong>consecratur</strong></span> <span class='ocrx_word' id='word_1_133' title='bbox 316 2480 345 2532; x_wconf 90' lang='lat' dir='ltr'><strong>et</strong></span> <span class='ocrx_word' id='word_1_134' title='bbox 358 2475 533 2532; x_wconf 77' lang='lat' dir='ltr'><strong>inlustretur.</strong></span> <span class='ocrx_word' id='word_1_135' title='bbox 559 2475 716 2533; x_wconf 86' lang='lat' dir='ltr'><strong>Novissime</strong></span> <span class='ocrx_word' id='word_1_136' title='bbox 734 2483 827 2532; x_wconf 86' lang='lat' dir='ltr'><strong>antem</strong></span> <span class='ocrx_word' id='word_1_137' title='bbox 841 2492 891 2547; x_wconf 90' lang='lat' dir='ltr'><strong>per</strong></span> <span class='ocrx_word' id='word_1_138' title='bbox 903 2477 1065 2547; x_wconf 86' lang='lat' dir='ltr'><strong>pontificem</strong></span> <span class='ocrx_word' id='word_1_139' title='bbox 1085 2475 1216 2546; x_wconf 72' lang='lat' dir='ltr'><strong>signatur</strong></span> 
     </span>
    </p>
   </div>
   <div class='ocr_carea' id='block_1_12' title="bbox 24 2564 1290 2639">
    <p class='ocr_par' dir='ltr' id='par_1_13' title="bbox 24 2564 1290 2639">
     <span class='ocr_line' id='line_1_20' title="bbox 24 2564 1290 2639; baseline 0.002 -19"><span class='ocrx_word' id='word_1_140' title='bbox 24 2593 32 2609; x_wconf 91' lang='lat'><strong>·</strong></span> <span class='ocrx_word' id='word_1_141' title='bbox 126 2564 154 2620; x_wconf 91' lang='lat' dir='ltr'><strong>in</strong></span> <span class='ocrx_word' id='word_1_142' title='bbox 172 2567 273 2633; x_wconf 70' lang='lat' dir='ltr'><strong>monn,</strong></span> <span class='ocrx_word' id='word_1_143' title='bbox 291 2571 326 2621; x_wconf 90' lang='lat' dir='ltr'><strong>ut</strong></span> <span class='ocrx_word' id='word_1_144' title='bbox 343 2565 466 2622; x_wconf 83' lang='lat' dir='ltr'><strong>eiusdem</strong></span> <span class='ocrx_word' id='word_1_145' title='bbox 481 2567 605 2635; x_wconf 83' lang='lat' dir='ltr'><strong>Spiritus</strong></span> <span class='ocrx_word' id='word_1_146' title='bbox 621 2567 711 2623; x_wconf 87' lang='lat' dir='ltr'><strong>sancti</strong></span> <span class='ocrx_word' id='word_1_147' title='bbox 724 2567 1020 2636; x_wconf 86' lang='lat' dir='ltr'><strong>septimerapletnret</strong></span> <span class='ocrx_word' id='word_1_148' title='bbox 1038 2569 1215 2623; x_wconf 83' lang='lat' dir='ltr'><strong>confortatus</strong></span> <span class='ocrx_word' id='word_1_149' title='bbox 1286 2633 1290 2639; x_wconf 39' lang='lat'>‚</span> 
     </span>
    </p>
   </div>
   <div class='ocr_carea' id='block_1_13' title="bbox 125 2649 1298 2727">
    <p class='ocr_par' dir='ltr' id='par_1_14' title="bbox 125 2649 1298 2727">
     <span class='ocr_line' id='line_1_21' title="bbox 125 2649 1298 2727; baseline 0.003 -16"><span class='ocrx_word' id='word_1_150' title='bbox 125 2671 223 2712; x_wconf 87' lang='lat' dir='ltr'><strong>nomen</strong></span> <span class='ocrx_word' id='word_1_151' title='bbox 242 2655 347 2716; x_wconf 86' lang='lat' dir='ltr'><strong>Christi</strong></span> <span class='ocrx_word' id='word_1_152' title='bbox 366 2672 456 2712; x_wconf 91' lang='lat' dir='ltr'><strong>coram</strong></span> <span class='ocrx_word' id='word_1_153' title='bbox 470 2657 582 2727; x_wconf 78' lang='lat' dir='ltr'><strong>regibus</strong></span> <span class='ocrx_word' id='word_1_154' title='bbox 595 2663 624 2713; x_wconf 89' lang='lat' dir='ltr'><strong>et</strong></span> <span class='ocrx_word' id='word_1_155' title='bbox 637 2649 823 2727; x_wconf 84' lang='lat' dir='ltr'><strong>potestatibus</strong></span> <span class='ocrx_word' id='word_1_156' title='bbox 843 2658 974 2713; x_wconf 84' lang='lat' dir='ltr'><strong>audacter</strong></span> <span class='ocrx_word' id='word_1_157' title='bbox 992 2662 1022 2714; x_wconf 90' lang='lat' dir='ltr'><strong>et</strong></span> <span class='ocrx_word' id='word_1_158' title='bbox 1040 2656 1127 2713; x_wconf 87' lang='lat' dir='ltr'><strong>libera</strong></span> <span class='ocrx_word' id='word_1_159' title='bbox 1145 2672 1214 2714; x_wconf 87' lang='lat' dir='ltr'><strong>uoce</strong></span> <span class='ocrx_word' id='word_1_160' title='bbox 1294 2686 1298 2692; x_wconf 87' lang='lat'><em>-</em></span> 
     </span>
    </p>
   </div>
   <div class='ocr_carea' id='block_1_14' title="bbox 10 2747 1313 2908">
    <p class='ocr_par' dir='ltr' id='par_1_15' title="bbox 10 2747 1313 2908">
     <span class='ocr_line' id='line_1_22' title="bbox 126 2747 1313 2818; baseline 0 -15"><span class='ocrx_word' id='word_1_161' title='bbox 126 2747 264 2815; x_wconf 84' lang='lat' dir='ltr'><strong>praedicet</strong></span> <span class='ocrx_word' id='word_1_162' title='bbox 289 2753 319 2802; x_wconf 87' lang='lat' dir='ltr'><strong>et</strong></span> <span class='ocrx_word' id='word_1_163' title='bbox 337 2752 439 2816; x_wconf 86' lang='lat' dir='ltr'><strong>portet.</strong></span> <span class='ocrx_word' id='word_1_164' title='bbox 477 2747 534 2802; x_wconf 85' lang='lat' dir='ltr'><strong>Bis&#39;</strong></span> <span class='ocrx_word' id='word_1_165' title='bbox 551 2748 654 2804; x_wconf 85' lang='lat' dir='ltr'><strong>etenim</strong></span> <span class='ocrx_word' id='word_1_166' title='bbox 678 2748 738 2817; x_wconf 91' lang='lat' dir='ltr'><strong>ipse</strong></span> <span class='ocrx_word' id='word_1_167' title='bbox 764 2747 884 2818; x_wconf 90' lang='lat' dir='ltr'><strong>Spiritus</strong></span> <span class='ocrx_word' id='word_1_168' title='bbox 910 2747 1046 2804; x_wconf 82' lang='lat' dir='ltr'><strong>tribuitur</strong></span> <span class='ocrx_word' id='word_1_169' title='bbox 1066 2765 1081 2802; x_wconf 86' lang='lat' dir='ltr'><strong>a</strong></span> <span class='ocrx_word' id='word_1_170' title='bbox 1103 2748 1215 2804; x_wconf 87' lang='lat' dir='ltr'><strong>domino</strong></span> <span class='ocrx_word' id='word_1_171' title='bbox 1310 2750 1313 2755; x_wconf 77' lang='grc'><strong><em>’</em></strong></span> 
     </span>
     <span class='ocr_line' id='line_1_23' title="bbox 10 2831 1258 2908; baseline 0.002 -16"><span class='ocrx_word' id='word_1_172' title='bbox 10 2847 14 2870; x_wconf 77' lang='grc'>’</span> <span class='ocrx_word' id='word_1_173' title='bbox 126 2837 277 2907; x_wconf 82' lang='lat' dir='ltr'><strong>discipulis,</strong></span> <span class='ocrx_word' id='word_1_174' title='bbox 297 2837 381 2892; x_wconf 87' lang='lat' dir='ltr'><strong>semel</strong></span> <span class='ocrx_word' id='word_1_175' title='bbox 399 2838 429 2894; x_wconf 91' lang='lat' dir='ltr'><strong>in</strong></span> <span class='ocrx_word' id='word_1_176' title='bbox 448 2844 523 2893; x_wconf 86' lang='lat' dir='ltr'><strong>tarra</strong></span> <span class='ocrx_word' id='word_1_177' title='bbox 541 2838 632 2908; x_wconf 87' lang='lat' dir='ltr'><strong>posito</strong></span> <span class='ocrx_word' id='word_1_178' title='bbox 651 2844 680 2894; x_wconf 89' lang='lat' dir='ltr'><strong>et</strong></span> <span class='ocrx_word' id='word_1_179' title='bbox 699 2839 782 2895; x_wconf 86' lang='lat' dir='ltr'><strong>semel</strong></span> <span class='ocrx_word' id='word_1_180' title='bbox 802 2838 831 2894; x_wconf 90' lang='lat' dir='ltr'><strong>iu</strong></span> <span class='ocrx_word' id='word_1_181' title='bbox 845 2839 928 2894; x_wconf 90' lang='lat' dir='ltr'><strong>coelis</strong></span> <span class='ocrx_word' id='word_1_182' title='bbox 941 2854 1061 2895; x_wconf 82' lang='lat' dir='ltr'><strong>ascamo.</strong></span> <span class='ocrx_word' id='word_1_183' title='bbox 1097 2838 1139 2894; x_wconf 90' lang='lat' dir='ltr'><strong>De</strong></span> <span class='ocrx_word' id='word_1_184' title='bbox 1158 2839 1217 2895; x_wconf 81' lang='lat' dir='ltr'><strong>olco</strong></span> <span class='ocrx_word' id='word_1_185' title='bbox 1253 2831 1258 2840; x_wconf 74' lang='grc'><strong><em>’</em></strong></span> 
     </span>
    </p>
   </div>
   <div class='ocr_carea' id='block_1_15' title="bbox 73 2929 1224 3633">
    <p class='ocr_par' dir='ltr' id='par_1_16' title="bbox 73 2929 1224 3633">
     <span class='ocr_line' id='line_1_24' title="bbox 125 2929 1216 2998; baseline -0.001 -14"><span class='ocrx_word' id='word_1_186' title='bbox 125 2944 241 2998; x_wconf 81' lang='lat' dir='ltr'><strong>namque</strong></span> <span class='ocrx_word' id='word_1_187' title='bbox 260 2929 409 2998; x_wconf 78' lang='lat' dir='ltr'><strong>unguendo</strong></span> <span class='ocrx_word' id='word_1_188' title='bbox 423 2929 457 2985; x_wconf 89' lang='lat' dir='ltr'><strong>de</strong></span> <span class='ocrx_word' id='word_1_189' title='bbox 470 2929 609 2985; x_wconf 71' lang='lat' dir='ltr'><strong>salvatore</strong></span> <span class='ocrx_word' id='word_1_190' title='bbox 622 2929 738 2985; x_wconf 88' lang='lat' dir='ltr'><strong>dicitur:</strong></span> <span class='ocrx_word' id='word_1_191' title='bbox 753 2929 835 2985; x_wconf 83' lang='lat' dir='ltr'><strong>nuxit</strong></span> <span class='ocrx_word' id='word_1_192' title='bbox 856 2937 884 2984; x_wconf 89' lang='lat' dir='ltr'><strong>te</strong></span> <span class='ocrx_word' id='word_1_193' title='bbox 897 2930 981 2997; x_wconf 90' lang='lat' dir='ltr'><strong>Deus,</strong></span> <span class='ocrx_word' id='word_1_194' title='bbox 995 2929 1069 2985; x_wconf 84' lang='lat' dir='ltr'><strong>Dens</strong></span> <span class='ocrx_word' id='word_1_195' title='bbox 1084 2929 1143 2984; x_wconf 87' lang='lat' dir='ltr'><strong>oleo</strong></span> <span class='ocrx_word' id='word_1_196' title='bbox 1163 2929 1216 2983; x_wconf 85' lang='lat' dir='ltr'><strong>lae·</strong></span> 
     </span>
     <span class='ocr_line' id='line_1_25' title="bbox 125 3018 1224 3089; baseline -0.003 -14"><span class='ocrx_word' id='word_1_197' title='bbox 125 3018 205 3076; x_wconf 81' lang='lat' dir='ltr'><strong>titlae</strong></span> <span class='ocrx_word' id='word_1_198' title='bbox 224 3024 254 3075; x_wconf 89' lang='lat' dir='ltr'><strong>et</strong></span> <span class='ocrx_word' id='word_1_199' title='bbox 270 3019 384 3088; x_wconf 86' lang='lat' dir='ltr'><strong>reliqua.</strong></span> <span class='ocrx_word' id='word_1_200' title='bbox 410 3019 449 3074; x_wconf 84' lang='lat' dir='ltr'><strong>Et</strong></span> <span class='ocrx_word' id='word_1_201' title='bbox 467 3019 536 3076; x_wconf 90' lang='lat' dir='ltr'><strong>bene</strong></span> <span class='ocrx_word' id='word_1_202' title='bbox 554 3022 605 3076; x_wconf 87' lang='lat' dir='ltr'><strong>hoc</strong></span> <span class='ocrx_word' id='word_1_203' title='bbox 624 3021 754 3076; x_wconf 83' lang='lat' dir='ltr'><strong>convenit</strong></span> <span class='ocrx_word' id='word_1_204' title='bbox 767 3019 874 3089; x_wconf 89' lang='lat' dir='ltr'><strong>Spiritu</strong></span> <span class='ocrx_word' id='word_1_205' title='bbox 893 3026 997 3076; x_wconf 87' lang='lat' dir='ltr'><strong>sancto.</strong></span> <span class='ocrx_word' id='word_1_206' title='bbox 1022 3018 1120 3075; x_wconf 88' lang='lat' dir='ltr'><strong>Oleum</strong></span> <span class='ocrx_word' id='word_1_207' title='bbox 1137 3034 1224 3074; x_wconf 84' lang='lat' dir='ltr'><strong>uam·-</strong></span> 
     </span>
     <span class='ocr_line' id='line_1_26' title="bbox 125 3101 1215 3180; baseline -0.001 -15"><span class='ocrx_word' id='word_1_208' title='bbox 125 3125 176 3178; x_wconf 85' lang='lat' dir='ltr'><strong>que</strong></span> <span class='ocrx_word' id='word_1_209' title='bbox 201 3110 301 3166; x_wconf 82' lang='lat' dir='ltr'><strong>ardens</strong></span> <span class='ocrx_word' id='word_1_210' title='bbox 324 3101 488 3179; x_wconf 72' lang='lat' dir='ltr'><strong>inluminet,</strong></span> <span class='ocrx_word' id='word_1_211' title='bbox 509 3110 650 3167; x_wconf 86' lang='lat' dir='ltr'><strong>medicans</strong></span> <span class='ocrx_word' id='word_1_212' title='bbox 676 3115 758 3166; x_wconf 87' lang='lat' dir='ltr'><strong>sanat</strong></span> <span class='ocrx_word' id='word_1_213' title='bbox 776 3115 806 3167; x_wconf 91' lang='lat' dir='ltr'><strong>et</strong></span> <span class='ocrx_word' id='word_1_214' title='bbox 824 3127 895 3180; x_wconf 84' lang='lat' dir='ltr'><strong>aqna</strong></span> <span class='ocrx_word' id='word_1_215' title='bbox 913 3110 1038 3166; x_wconf 78' lang='lat' dir='ltr'><strong>intusum</strong></span> <span class='ocrx_word' id='word_1_216' title='bbox 1052 3109 1215 3179; x_wconf 77' lang='lat' dir='ltr'><strong>perspicuas</strong></span> 
     </span>
     <span class='ocr_line' id='line_1_27' title="bbox 125 3198 1215 3270; baseline -0.003 -14"><span class='ocrx_word' id='word_1_217' title='bbox 125 3215 170 3256; x_wconf 79' lang='lat' dir='ltr'><strong>eas</strong></span> <span class='ocrx_word' id='word_1_218' title='bbox 194 3200 296 3257; x_wconf 87' lang='lat' dir='ltr'><strong>reddit.</strong></span> <span class='ocrx_word' id='word_1_219' title='bbox 340 3201 403 3270; x_wconf 87' lang='lat' dir='ltr'><strong>Ipse</strong></span> <span class='ocrx_word' id='word_1_220' title='bbox 430 3202 551 3270; x_wconf 86' lang='lat' dir='ltr'><strong>Spiritus</strong></span> <span class='ocrx_word' id='word_1_221' title='bbox 577 3206 690 3256; x_wconf 88' lang='lat' dir='ltr'><strong>sanctus</strong></span> <span class='ocrx_word' id='word_1_222' title='bbox 720 3202 834 3257; x_wconf 85' lang='lat' dir='ltr'><strong>flamma</strong></span> <span class='ocrx_word' id='word_1_223' title='bbox 858 3200 984 3257; x_wconf 87' lang='lat' dir='ltr'><strong>caritatis</strong></span> <span class='ocrx_word' id='word_1_224' title='bbox 1013 3205 1042 3255; x_wconf 86' lang='lat' dir='ltr'><strong>et</strong></span> <span class='ocrx_word' id='word_1_225' title='bbox 1068 3198 1215 3269; x_wconf 77' lang='lat' dir='ltr'><strong>splendore</strong></span> 
     </span>
     <span class='ocr_line' id='line_1_28' title="bbox 125 3291 1216 3362; baseline -0.003 -16"><span class='ocrx_word' id='word_1_226' title='bbox 125 3291 277 3361; x_wconf 85' lang='lat' dir='ltr'><strong>sapientiae</strong></span> <span class='ocrx_word' id='word_1_227' title='bbox 302 3292 410 3348; x_wconf 86' lang='lat' dir='ltr'><strong>animas</strong></span> <span class='ocrx_word' id='word_1_228' title='bbox 428 3292 577 3348; x_wconf 82' lang='lat' dir='ltr'><strong>inlustrat.</strong></span> <span class='ocrx_word' id='word_1_229' title='bbox 616 3293 679 3362; x_wconf 90' lang='lat' dir='ltr'><strong>Ipse</strong></span> <span class='ocrx_word' id='word_1_230' title='bbox 698 3292 879 3348; x_wconf 74' lang='lat' dir='ltr'><strong>medicamine</strong></span> <span class='ocrx_word' id='word_1_231' title='bbox 897 3291 1060 3347; x_wconf 88' lang='lat' dir='ltr'><strong>clementiae</strong></span> <span class='ocrx_word' id='word_1_232' title='bbox 1079 3305 1145 3346; x_wconf 89' lang='lat' dir='ltr'><strong>suae</strong></span> <span class='ocrx_word' id='word_1_233' title='bbox 1167 3304 1216 3358; x_wconf 90' lang='lat' dir='ltr'><strong>par</strong></span> 
     </span>
     <span class='ocr_line' id='line_1_29' title="bbox 73 3379 1217 3455; baseline 0.001 -23"><span class='ocrx_word' id='word_1_234' title='bbox 73 3424 77 3432; x_wconf 91' lang='lat'>.</span> <span class='ocrx_word' id='word_1_235' title='bbox 125 3382 233 3438; x_wconf 66' lang='lat' dir='ltr'><strong>renum</strong></span> <span class='ocrx_word' id='word_1_236' title='bbox 260 3389 434 3455; x_wconf 77' lang='lat' dir='ltr'><strong>peccatorum</strong></span> <span class='ocrx_word' id='word_1_237' title='bbox 461 3383 578 3438; x_wconf 81' lang='lat' dir='ltr'><strong>vulnera</strong></span> <span class='ocrx_word' id='word_1_238' title='bbox 604 3389 692 3439; x_wconf 86' lang='lat' dir='ltr'><strong>sanat.</strong></span> <span class='ocrx_word' id='word_1_239' title='bbox 738 3384 799 3452; x_wconf 88' lang='lat' dir='ltr'><strong>lpse</strong></span> <span class='ocrx_word' id='word_1_240' title='bbox 818 3381 989 3439; x_wconf 74' lang='lat' dir='ltr'><strong>admixtione</strong></span> <span class='ocrx_word' id='word_1_241' title='bbox 1013 3396 1079 3436; x_wconf 90' lang='lat' dir='ltr'><strong>suae</strong></span> <span class='ocrx_word' id='word_1_242' title='bbox 1100 3379 1217 3435; x_wconf 83' lang='lat' dir='ltr'><strong>virtutis</strong></span> 
     </span>
     <span class='ocr_line' id='line_1_30' title="bbox 125 3469 1215 3543; baseline -0.005 -15"><span class='ocrx_word' id='word_1_243' title='bbox 125 3487 208 3541; x_wconf 62' lang='lat' dir='ltr'><strong>muas</strong></span> <span class='ocrx_word' id='word_1_244' title='bbox 221 3473 354 3543; x_wconf 73' lang='lat' dir='ltr'><strong>baptismi</strong></span> <span class='ocrx_word' id='word_1_245' title='bbox 368 3474 403 3529; x_wconf 94' lang='lat' dir='ltr'><strong>ad</strong></span> <span class='ocrx_word' id='word_1_246' title='bbox 417 3474 582 3543; x_wconf 81' lang='lat' dir='ltr'><strong>effugandas</strong></span> <span class='ocrx_word' id='word_1_247' title='bbox 595 3480 768 3542; x_wconf 87' lang='lat' dir='ltr'><strong>peccatorum</strong></span> <span class='ocrx_word' id='word_1_248' title='bbox 783 3473 908 3528; x_wconf 86' lang='lat' dir='ltr'><strong>tenebras</strong></span> <span class='ocrx_word' id='word_1_249' title='bbox 921 3471 1057 3528; x_wconf 84' lang='lat' dir='ltr'><strong>veraciter</strong></span> <span class='ocrx_word' id='word_1_250' title='bbox 1068 3469 1215 3525; x_wconf 82' lang='lat' dir='ltr'><strong>inlustrat.</strong></span> 
     </span>
     <span class='ocr_line' id='line_1_31' title="bbox 124 3558 1213 3633; baseline -0.005 -14"><span class='ocrx_word' id='word_1_251' title='bbox 124 3562 271 3631; x_wconf 64' lang='lat' dir='ltr'><strong>Sadalind</strong></span> <span class='ocrx_word' id='word_1_252' title='bbox 291 3570 334 3620; x_wconf 86' lang='lat' dir='ltr'><strong>est</strong></span> <span class='ocrx_word' id='word_1_253' title='bbox 352 3580 425 3633; x_wconf 84' lang='lat' dir='ltr'><strong>aqua</strong></span> <span class='ocrx_word' id='word_1_254' title='bbox 444 3564 618 3631; x_wconf 84' lang='lat' dir='ltr'><strong>sacramenti,</strong></span> <span class='ocrx_word' id='word_1_255' title='bbox 638 3564 715 3619; x_wconf 86' lang='lat' dir='ltr'><strong>aliud</strong></span> <span class='ocrx_word' id='word_1_256' title='bbox 735 3579 805 3631; x_wconf 87' lang='lat' dir='ltr'><strong>aqna</strong></span> <span class='ocrx_word' id='word_1_257' title='bbox 824 3577 893 3631; x_wconf 88' lang='lat' dir='ltr'><strong>quae</strong></span> <span class='ocrx_word' id='word_1_258' title='bbox 912 3560 1057 3633; x_wconf 76' lang='lat' dir='ltr'><strong>siguificat</strong></span> <span class='ocrx_word' id='word_1_259' title='bbox 1077 3558 1213 3629; x_wconf 86' lang='lat' dir='ltr'><strong>Spiritum</strong></span> 
     </span>
    </p>
   </div>
   <div class='ocr_carea' id='block_1_16' title="bbox 24 3652 1218 3735">
    <p class='ocr_par' dir='ltr' id='par_1_17' title="bbox 24 3652 1218 3735">
     <span class='ocr_line' id='line_1_32' title="bbox 24 3652 1218 3735; baseline -0.005 -24"><span class='ocrx_word' id='word_1_260' title='bbox 24 3730 27 3735; x_wconf 28' lang='grc' dir='ltr'>Ι</span> <span class='ocrx_word' id='word_1_261' title='bbox 124 3661 263 3717; x_wconf 67' lang='lat' dir='ltr'><strong>numum</strong></span> <span class='ocrx_word' id='word_1_262' title='bbox 291 3654 341 3710; x_wconf 88' lang='lat' dir='ltr'><strong>illa</strong></span> <span class='ocrx_word' id='word_1_263' title='bbox 366 3654 486 3711; x_wconf 85' lang='lat' dir='ltr'><strong>visibilis</strong></span> <span class='ocrx_word' id='word_1_264' title='bbox 511 3661 563 3721; x_wconf 89' lang='lat' dir='ltr'><strong>est,</strong></span> <span class='ocrx_word' id='word_1_265' title='bbox 589 3654 646 3710; x_wconf 86' lang='lat' dir='ltr'><strong>ista</strong></span> <span class='ocrx_word' id='word_1_266' title='bbox 670 3653 835 3721; x_wconf 85' lang='lat' dir='ltr'><strong>invisibilis,</strong></span> <span class='ocrx_word' id='word_1_267' title='bbox 861 3653 912 3708; x_wconf 90' lang='lat' dir='ltr'><strong>illa</strong></span> <span class='ocrx_word' id='word_1_268' title='bbox 937 3652 1028 3709; x_wconf 88' lang='lat' dir='ltr'><strong>abluit</strong></span> <span class='ocrx_word' id='word_1_269' title='bbox 1057 3666 1158 3720; x_wconf 85' lang='lat' dir='ltr'><strong>corpus</strong></span> <span class='ocrx_word' id='word_1_270' title='bbox 1177 3654 1218 3706; x_wconf 87' lang='lat' dir='ltr'><strong>&#39;et</strong></span> 
     </span>
    </p>
   </div>
   <div class='ocr_carea' id='block_1_17' title="bbox 122 3741 1217 3892">
    <p class='ocr_par' dir='ltr' id='par_1_18' title="bbox 122 3741 1217 3892">
     <span class='ocr_line' id='line_1_33' title="bbox 124 3741 1217 3816; baseline -0.005 -14"><span class='ocrx_word' id='word_1_271' title='bbox 124 3744 274 3816; x_wconf 64' lang='lat' dir='ltr'><strong>fignificat,</strong></span> <span class='ocrx_word' id='word_1_272' title='bbox 294 3746 360 3814; x_wconf 88' lang='lat' dir='ltr'><strong>qnid</strong></span> <span class='ocrx_word' id='word_1_273' title='bbox 374 3748 408 3800; x_wconf 85' lang='lat' dir='ltr'><strong>fit</strong></span> <span class='ocrx_word' id='word_1_274' title='bbox 421 3746 451 3800; x_wconf 91' lang='lat' dir='ltr'><strong>in</strong></span> <span class='ocrx_word' id='word_1_275' title='bbox 471 3746 577 3810; x_wconf 86' lang='lat' dir='ltr'><strong>auima;</strong></span> <span class='ocrx_word' id='word_1_276' title='bbox 598 3760 648 3815; x_wconf 88' lang='lat' dir='ltr'><strong>per</strong></span> <span class='ocrx_word' id='word_1_277' title='bbox 665 3745 749 3799; x_wconf 87' lang='lat' dir='ltr'><strong>istam</strong></span> <span class='ocrx_word' id='word_1_278' title='bbox 764 3750 868 3811; x_wconf 85' lang='lat' dir='ltr'><strong>antem,</strong></span> <span class='ocrx_word' id='word_1_279' title='bbox 887 3743 915 3799; x_wconf 91' lang='lat' dir='ltr'><strong>id</strong></span> <span class='ocrx_word' id='word_1_280' title='bbox 936 3749 979 3798; x_wconf 78' lang='lat' dir='ltr'><strong>est</strong></span> <span class='ocrx_word' id='word_1_281' title='bbox 991 3742 1126 3813; x_wconf 87' lang='lat' dir='ltr'><strong>Spiritum</strong></span> <span class='ocrx_word' id='word_1_282' title='bbox 1153 3741 1217 3811; x_wconf 79' lang='lat' dir='ltr'><strong>ipsa</strong></span> 
     </span>
     <span class='ocr_line' id='line_1_34' title="bbox 122 3833 1127 3892; baseline -0.002 0"><span class='ocrx_word' id='word_1_283' title='bbox 122 3836 215 3892; x_wconf 76' lang='lat' dir='ltr'><strong>anima</strong></span> <span class='ocrx_word' id='word_1_284' title='bbox 234 3837 393 3892; x_wconf 89' lang='lat' dir='ltr'><strong>mundatur.</strong></span> <span class='ocrx_word' id='word_1_285' title='bbox 426 3835 455 3890; x_wconf 81' lang='lat' dir='ltr'><strong>F.</strong></span> <span class='ocrx_word' id='word_1_286' title='bbox 496 3833 569 3891; x_wconf 83' lang='lat' dir='ltr'><strong>’om</strong></span> <span class='ocrx_word' id='word_1_287' title='bbox 589 3851 630 3891; x_wconf 92' lang='lat' dir='ltr'><strong>oe.</strong></span> <span class='ocrx_word' id='word_1_288' title='bbox 1119 3846 1127 3854; x_wconf 87' lang='lat'><strong>·</strong></span> 
     </span>
    </p>
   </div>
   <div class='ocr_carea' id='block_1_18' title="bbox 0 0 1376 4456">
    <p class='ocr_par' dir='ltr' id='par_1_19' title="bbox 0 0 1376 4456">
     <span class='ocr_line' id='line_1_35' title="bbox 0 0 1376 4456; baseline 0 0"><span class='ocrx_word' id='word_1_289' title='bbox 0 0 1376 4456; x_wconf 95' lang='lat' dir='ltr'><strong> </strong></span> 
     </span>
    </p>
   </div>
  </div>
 </body>
</html>
