2744 4456
478 279 786 366 .-4⁰-·

598 543 676 629 Cup.
702 549 756 616 23.
833 603 834 608 ,

449 710 482 794 J
563 707 626 776 DE
649 706 847 776 PALLI01.
894 797 937 808 .,

89 877 93 883 ’
180 920 184 926 .
223 869 329 955 Super
351 871 434 938 hoec
463 875 577 939 entem
592 871 700 939 omniu
716 890 843 940 summo
858 871 1013 957 pontifici,
1039 872 1096 957 qui
1118 873 1258 971 urchi-4

133 979 303 1063 episeopus
341 984 497 1059 vocatur,
539 985 676 1064 propter
714 981 931 1065 apostolicum
967 977 1094 1050 vloem¹
1131 981 1224 1066 pollii

132 1088 259 1156 honor·
287 1087 488 1168 decernitur,
523 1088 611 1171 quod
641 1107 747 1174 genus
779 1089 964 1158 indumenti
986 1089 1093 1158 crucis
1110 1091 1223 1176 'signu-

82 1190 84 1193 '
131 1197 239 1264 culum
262 1215 427 1280 purpureo
451 1195 558 1264 colore
582 1194 763 1281 exprimit,
781 1202 839 1264 'nt
859 1198 932 1281 ipso
955 1188 1093 1266 mdutus
1116 1199 1222 1284 ponti·

131 1303 187 1372 fex
217 1324 238 1372 o
267 1311 362 1389 tergo
394 1311 430 1373 et
458 1309 593 1388 pectore
624 1324 755 1374 crucem
784 1305 918 1386 habeut
953 1324 1080 1389 suaque
1110 1312 1223 1375 mente

130 1412 184 1497 pie
208 1420 243 1481 et
273 1412 370 1498 digne
394 1413 435 1480 de
457 1412 611 1497 passione
633 1413 853 1498 redemptoris
877 1414 1002 1500 cogitet
1030 1435 1069 1483 ac
1091 1416 1224 1500 populo,

130 1533 190 1605 pro
213 1540 277 1604 qno
301 1518 418 1589 deum⁴
433 1521 640 1606 deprecatur,
665 1521 900 1606 redemptionis
921 1542 1002 1591 suec
1017 1522 1223 1609 signaculum
1264 1613 1269 1619 .

131 1630 345 1698 demonstret.
394 1628 560 1698 Conderet
582 1648 712 1713 qnoque
740 1631 834 1710 bene,
867 1637 907 1698 nt
936 1631 1010 1716 ipsa
1041 1628 1223 1717 apostolico

130 1738 275 1823 dignitas
305 1738 531 1823 apostolicum*
557 1738 666 1808 virum
696 1737 808 1818 sociat
842 1744 881 1807 ut
908 1730 1013 1823 plenu¹
1034 1740 1221 1821 devotione,

117 1841 210 1915 'sano
247 1866 397 1916 sermone
433 1852 467 1914 et
503 1846 602 1933 digne
637 1847 829 1931 operatione
863 1848 970 1931 possit
1004 1849 1113 1918 dicere
1148 1868 1223 1930 cum

130 1958 313 2043 apostolo:
341 1960 444 2045 „Mihi
467 1966 570 2028 amon
593 1959 675 2028 obsit
696 1960 835 2046 gloriari
857 1963 921 2027 nisi
940 1964 1079 2028 incretos
1101 1962 1224 2028 (1ωηὶκί
1269 2046 1273 2054 .

129 2072 232 2138 nostri
254 2070 331 2137 Jesu
357 2069 484 2152 Christi,
510 2090 573 2154 per
602 2089 691 2154 quon
719 2069 798 2134 miti
819 2069 957 2136 melodus
979 2070 1156 2154 crucifixio
1179 2077 1224 2136 est

40 2181 43 2189 '
130 2188 159 2244 et
182 2200 236 2264 epo
259 2174 409 2244 mundo“.
449 2171 563 2243 Hoec⁶
579 2171 728 2258 quoque⁶
752 2175 793 2242 de
816 2175 934 2259 habitu
958 2174 1157 2243 sacerdotali
1179 2174 1223 2242 ad

90 2278 92 2282 ’
131 2303 264 2352 sensnm
287 2283 470 2351 secundum·
490 2283 655 2380 modulum
671 2283 827 2368 ingenioli
843 2283 948 2351 nostri
971 2284 1120 2352 breviter
1143 2272 1222 2350 dixi·

54 2452 56 2455 ,
131 2412 213 2473 mus,
242 2412 307 2460 non
331 2392 677 2477 praeiudicantem,
703 2392 759 2474 qui
775 2393 1017 2477 congruentius·
1034 2398 1068 2460 et
1092 2392 1222 2477 dignius
1256 2401 1261 2411 “

111 2502 171 2572 ,de
196 2488 310 2568 eadem
333 2522 370 2569 re
393 2497 551 2585 possunt⁷
576 2500 720 2568 scribere
747 2508 782 2568 et
805 2500 933 2584 plenius
960 2497 1160 2585 disputare⁸.

98 2808 99 2811 ,
221 2763 236 2794 ⁸
254 2753 295 2808 De
314 2752 398 2823 pullio
418 2755 467 2808 cfr.
488 2752 553 2808 Isid.
574 2752 667 2822 Etym.
688 2752 736 2820 VI,
749 2752 794 2822 51,
814 2758 843 2808 et
861 2753 935 2809 hunc
954 2757 1113 2822 sequentem
1135 2752 1221 2821 Bedu,

132 2843 242 2911 Quaeso.
263 2860 345 2913 super
363 2843 449 2899 Enod.
477 2859 518 2914 cp.
533 2843 575 2899 56.
596 2843 614 2898 l.
636 2859 659 2897 c.
679 2843 756 2911 VIII,
777 2841 838 2897 218.
871 2842 989 2911 Aliquae
1008 2842 1164 2899 sententies
1182 2843 1221 2898 in·

99 2974 102 2979 .
132 2935 282 2990 veniuntur
295 2937 315 2988 t.
330 2932 377 2988 IV.
395 2951 420 3003 p.
435 2933 496 2988 901.
517 2932 625 2989 Alcuin.
640 2950 701 3003 epp.
713 2933 768 2988 ΜΘ
778 2945 840 3003 epp
851 2932 944 2989 Kurol.
960 2932 1022 2988 sevi
1032 2933 1069 3000 11,
1081 2931 1143 3001 sod
1158 2933 1220 3001 321,

18 3009 21 3014 ⁵
131 3025 192 3093 353,
208 3025 269 3080 368.
294 3024 394 3092 Krene,
413 3024 523 3092 Encycl
534 3024 576 3093 ll,
591 3024 653 3080 574.
692 3025 707 3066 b
727 3023 789 3080 Gal.
803 3023 852 3091 VI,
867 3024 909 3078 14.

228 3224 233 3250 ¹
260 3224 325 3279 Cod.
344 3224 374 3279 Β.
403 3224 491 3293 Super
510 3225 576 3280 huec
596 3230 690 3279 cutem
710 3225 803 3280 omniu
822 3240 929 3280 summo
948 3224 1089 3293 Pontifici,
1109 3224 1159 3279 hoo
1178 3231 1221 3278 est

130 3315 334 3385 archiepiscopo
353 3322 466 3384 propter
484 3315 666 3384 apostolicum
686 3315 775 3370 uicem
795 3313 875 3384 pollii
894 3315 981 3370 honor
1001 3315 1166 3382 deceruItur,
1187 3319 1220 3368 ut
1242 3331 1246 3339 ·

52 3477 54 3482 .
130 3422 268 3475 purpureo
293 3406 380 3462 orucIs
406 3406 529 3462 eiusdem
556 3405 718 3461 vestimenti
744 3406 887 3476 signaculo
915 3407 1029 3475 oter‘go
1055 3410 1083 3460 et
1110 3411 1221 3474 pectore

132 3496 240 3565 depicto
261 3497 462 3552 demonstraret
482 3497 583 3565 populo
604 3496 779 3565 signaculum
792 3495 992 3564 redemptionis
1012 3500 1040 3550 et
1062 3495 1221 3564 piamento
1277 3568 1280 3576 Ι

130 3588 237 3656 cogitet
256 3588 321 3656 Ipse
335 3587 368 3642 de
388 3587 524 3656 pensionis
537 3588 596 3655 (ei)
609 3587 792 3656 redemptoris
812 3587 919 3641 dicens:
941 3583 1016 3640 Mitt
1035 3589 1128 3640 uectem
1148 3584 1222 3640 absit

59 3728 61 3733 .
128 3677 248 3749 gloriari
264 3677 324 3737 ¹uisi
348 3678 380 3732 io
399 3695 478 3732 cruce
497 3677 605 3731 domici
623 3678 713 3732 nostri
733 3684 761 3733 et
780 3678 894 3744 relique..
935 3675 1054 3731 'vitum
1074 3677 1102 3731 C.
1148 3675 1221 3732 ⁸ex-

131 3769 263 3838 primitur
282 3766 348 3822 PP¹.
392 3769 565 3823 ⁴dominum
585 3768 610 3821 V
630 3783 667 3822 oe.
718 3766 822 3823 ⁵Huec
841 3799 875 3808 -
896 3770 943 3822 fin.
972 3785 1015 3823 om
1037 3767 1065 3823 C.
1112 3766 1220 3836 ⁰queste
1243 3791 1246 3798 ·

131 3876 190 3930 quo.
202 3876 241 3915 oe.
274 3858 284 3889 ⁷
304 3860 412 3929 possint
425 3858 534 3913 DVRP'
554 3875 592 3914 oe.
626 3858 637 3889 ⁸
657 3859 742 3914 Fiuis.
764 3859 821 3914 Deo
840 3859 954 3929 gratiss.
977 3858 1009 3912 V.
