2744 4456
577 220 884 340 -2442

158 475 198 539 ut
219 469 254 537 id
276 469 364 553 quod
382 469 551 554 sapienter
565 470 731 557 intellegit
744 471 780 538 iu
795 477 916 551 mente,
941 471 1071 540 utssiter
1093 481 1248 543 exerceat

157 579 314 663 inopere
345 584 380 647 et
407 578 623 663 quodcunque
645 577 744 647 boni¹
774 579 886 648 verbis
917 579 991 647 aliis
1021 578 1133 649 iacere
1155 602 1248 666 prae

158 686 247 773 cipit,
265 687 334 755 suis
349 688 502 772 openbus
519 687 704 758 iaciendum
722 707 796 757 esse
809 689 901 774 priua
917 689 1044 769 ducor,
1065 697 1106 759 ut
1121 690 1247 760 iaciens

159 803 194 864 et
209 796 329 864 docens
347 798 506 866 mandata
520 797 582 878 dei,
600 797 705 866 maior
720 804 861 867 vocetur
877 797 911 867 iu
927 795 1054 884 regno'
1069 801 1246 872 caelomm.

156 923 223 973 nou
246 904 408 985 minimus,
442 905 471 973 si
502 905 652 974 docuerit
681 925 739 974 ore
770 912 806 974 et
828 907 968 976 solverit
990 907 1122 976 actione
1145 927 1247 977 unum

20 1052 21 1063 ι
157 1014 199 1082 de
222 1013 389 1082 mandatis
404 1015 459 1083 dei
480 1014 651 1082 minimis&
686 1017 810 1101 ,Omnia
830 1020 922 1098 mm,
946 1022 1049 1106 inquot
1064 1017 1248 1103 Saloaiffl,

156 1128 211 1212 poi
233 1130 316 1192 coeit
339 1127 384 1192 ad
405 1148 454 1193 me
475 1132 505 1195 et
528 1126 933 1194 auditaermomemeoaet
953 1128 1111 1212 facitooa,
1134 1129 1249 1197 cimilia

156 1244 201 1302 eat
222 1235 344 1301 deortui
367 1234 550 1318 aedificanti
565 1235 703 1315 domum,
727 1237 781 1320 qui
802 1234 889 1318 fodit
910 1238 945 1300 iu
969 1235 1068 1302 adum
1092 1245 1120 1304 ct
1137 1240 1249 1325 pomi

155 1344 367 1426 fundamento
388 1365 488 1430 cupro
513 1351 650 1429 petram.
699 1343 913 1411 Inuudotione
941 1352 1043 1410 oedem
1074 1346 1168 1430 facta
1198 1349 1247 1411 in·
1323 1350 1325 1356 '

156 1452 250 1520 limem
280 1458 325 1520 or
354 1451 471 1535 floraco
501 1453 611 1518 domui
644 1452 695 1517 illi
724 1460 752 1518 et
787 1473 852 1518 noo
879 1454 987 1538 potuit
1015 1473 1086 1519 eom
1115 1475 1247 1536 movere,

100 1546 108 1554 ’
154 1562 296 1646 fundato
318 1563 401 1626 coron
424 1566 493 1629 erat
514 1582 615 1647 cupra
632 1569 770 1648 petram.
803 1562 865 1644 Qui
889 1566 993 1629 otum
1015 1561 1108 1628 medio
1130 1569 1161 1628 et
1182 1584 1248 1629 noc

155 1671 245 1753 fucit,
275 1669 388 1736 abnuis
411 1678 456 1736 eat
477 1663 620 1736 Ιιοιιιτίιὶ8
650 1669 834 1754 aedificanti
861 1670 989 1735 domum
1016 1689 1108 1737 auom
1130 1665 1247 1759 euper⁴

155 1800 286 1847 menum
315 1781 382 1846 aine
412 1778 636 1862 fundamento,
666 1781 700 1843 in
730 1799 826 1864 poam
854 1776 968 1845 iuliane
998 1787 1043 1845 est
1071 1778 1189 1864 fluvius
1219 1786 1248 1848 o

155 1891 302 1954 minuo
332 1887 511 1970 occidito
539 1888 631 1971 facto
661 1896 706 1954 eet
734 1890 832 1954 mono
854 1887 967 1953 dornua
995 1885 1083 1953 evum
1107 1886 1246 1971 meque!

155 1992 267 2061 Debet
290 1999 403 2060 autem
426 1993 652 2077 unusquisque
676 1977 857 2060 cathodous
875 1992 1039 2060 universis
1062 1993 1247 2061 virtutibus

155 2101 341 2185 aequaliter
372 2121 505 2186 operam
536 2101 627 2180 dare,
659 2109 698 2169 ut
729 2109 764 2169 et
795 2102 886 2168 intus
920 2106 954 2168 et
985 2099 1066 2169 ioris
1090 2101 1248 2170 nobiliter

48 2276 51 2281 .
155 2218 293 2279 omatus
324 2209 454 2278 aeterni
484 2210 572 2295 regis
605 2210 755 2279 convivio
787 2210 905 2296 diguus
930 2209 1081 2289 existar,
1108 2218 1144 2276 et
1167 2235 1247 2298 preo-

155 2319 273 2406 dripad
296 2318 438 2402 spiritaii
459 2326 577 2387 vectus
603 2319 646 2386 ad
672 2325 844 2386 aeternam
867 2319 1010 2402 patriam
1034 2318 1245 2386 conscendat.

155 2426 266 2495 Debet
296 2432 409 2494 autem
434 2432 639 2515 pmdentice⁰
670 2427 858 2506 intendere,
889 2432 930 2494 ut
960 2427 1144 2511 prudenter
1173 2446 1246 2511 pro

154 2534 278 2614 videat,
308 2534 475 2602 veraciter
502 2535 685 2622 intellegat,
716 2535 952 2618 intellectaque
977 2534 1167 2602 memoriter
1196 2555 1246 2602 re

156 2643 273 2710 tiueat.
313 2641 424 2710 Debet
439 2649 586 2726 inertiae,
611 2649 650 2711 ut
665 2643 849 2728 religiosus,
874 2643 948 2726 pius
965 2648 1001 2709 et
1024 2641 1157 2710 humilis
1173 2639 1244 2721 fiat
1306 2671 1318 2719 ·,

155 2756 195 2819 ut
216 2749 360 2835 gratiam
384 2756 420 2818 et
441 2751 706 2832 vindicationem,
736 2750 983 2819 observantiam
1007 2757 1042 2818 et
1064 2750 1245 2818 veritatem
1336 2791 1338 2794 -

155 2864 338 2939 conservet,
372 2865 571 2944 pactumque
600 2866 635 2927 et
657 2880 719 2944 par
745 2859 926 2927 iudicatum
950 2865 985 2927 et
1007 2859 1115 2944 legem
1137 2864 1245 2927 custo
1270 2904 1274 2909 -

154 2968 234 3036 diat.
283 2967 393 3036 Debet
422 2972 609 3054 fortitudini
631 2968 778 3036 studium
800 2968 999 3053 impendere,
1029 2974 1069 3035 ut
1098 2966 1245 3054 magnifi-

154 3077 297 3144 centiam
310 3082 346 3144 et
356 3076 535 3157 fidentiam,
553 3076 750 3161 patientiam
763 3084 798 3144 et
808 3077 1093 3160 perseverantium
1108 3077 1243 3144 habeat.

155 3185 265 3253 Debet
287 3193 519 3275 temperantiae,
544 3193 584 3254 ut
609 3187 789 3264 continens,
815 3186 957 3254 clemens
984 3190 1019 3253 et
1048 3182 1243 3252 modestus⁵

246 3347 382 3403 ⁸biattb
408 3348 447 3415 V,
473 3348 514 3403 19.
564 3347 670 3402 bLuc.
691 3347 744 3414 VI,
766 3346 895 3402 47-49.
943 3346 1081 3403 vunnu
1105 3345 1174 3413 XII,
1200 3348 1243 3405 11.

155 3441 349 3508 dffieonym.
376 3440 393 3494 l.
413 3457 435 3497 c.
482 3453 494 3483 0
524 3441 558 3497 de
584 3440 737 3496 virtutibus
767 3440 953 3496 cardinalibus
982 3441 1032 3496 cfr.
1056 3438 1182 3495 Ambroa.
1210 3440 1244 3496 de

154 3532 227 3586 offic
247 3531 271 3599 L
291 3531 334 3586 24.
354 3548 380 3586 u
401 3531 468 3594 115;
488 3531 601 3587 Hieron.
622 3532 640 3587 l.
660 3547 682 3587 c.
702 3531 793 3586 Marsi
813 3531 863 3587 coi
883 3531 950 3593 20&
971 3533 1091 3600 August
1111 3529 1145 3585 de
1164 3530 1243 3590 civit.

155 3621 198 3677 dei
218 3620 267 3689 IV,
286 3621 330 3689 20,
349 3621 428 3689 XIII,
448 3621 482 3677 21
502 3627 531 3676 et
550 3639 637 3692 pass.;
659 3622 742 3691 Greg.
762 3621 799 3677 bi.
818 3621 914 3677 bioral.
934 3621 971 3688 Π,
991 3620 1033 3675 49.

246 3748 255 3779 ¹
275 3749 353 3804 bouis
366 3764 432 3804 corr.
449 3748 498 3804 11¹.
531 3748 541 3781 ¹
559 3765 677 3819 reguum
692 3749 756 3804 PP¹.
789 3748 800 3780 ³
820 3748 962 3804 homiuum
978 3745 1045 3802 uu.
1073 3746 1086 3777 ⁴
1104 3762 1191 3817 supra
1203 3764 1243 3804 oe.

154 3837 166 3869 ⁸
185 3839 342 3894 moderatur
363 3854 402 3895 oe.
