2744 4456
539 259 766 324 ..37-

575 451 653 536 Cap.
680 455 733 519 21.

504 588 567 655 DE
592 583 767 655 CASULA
776 585 796 653 1.

197 730 392 815 „Septimum
404 725 611 792 sacerdotale
621 723 850 794 indumentum
867 723 922 807 ent,
939 718 1042 810 qnod²
1059 724 1201 792 oosrdam

106 843 245 904 ooeont⁸.
275 835 387 904 'Dioto
411 839 600 901 astantem
624 852 684 917 per
714 836 953 901 diminutionem
976 855 998 900 o
1027 835 1112 916 coeo,
1144 825 1202 899 ω’
1291 871 1300 892 ,

106 946 321 1030 praecitatum
350 943 506 1010 hominem
537 951 631 1031 tepet,
665 947 758 1029 quasi
788 946 893 1008 minor
928 938 1056 1009 raedh.
1105 941 1201 1008 Hane

109 1055 224 1120 Graeci
252 1044 416 1139 planetam
452 1045 646 1120 nuntiauit
693 1049 787 1117 Haec
819 1045 1020 1137 suprernum⁶
1062 1053 1202 1117 omnium

108 1162 365 1229 indumentorum
389 1168 443 1244 oet,
467 1168 496 1229 et
518 1156 639 1229 eetero⁶
663 1158 771 1226 omnia
786 1157 927 1225 interius
943 1181 1003 1247 per
1021 1181 1113 1240 auum
1134 1181 1201 1226 mne·

108 1273 211 1336 reiuun
236 1272 310 1355 tepit
340 1274 376 1336 et
399 1273 523 1336 servat.
573 1270 668 1336 Hono
692 1263 765 1356 erpo
789 1276 901 1336 vestem
919 1289 1088 1355 possumus
1111 1267 1201 1336 intel·

107 1377 204 1461 lepere
235 1367 436 1459 caritatem(
461 1395 546 1458 quae
576 1375 704 1443 cunetis
735 1373 932 1458 uirtutibus·
947 1369 1200 1467 supereminet⁷,

109 1491 144 1552 et
174 1504 288 1552 earum
322 1485 472 1553 decorem
505 1503 563 1551 suo
597 1483 762 1551 tutamine
794 1483 942 1568 protegit
974 1489 1010 1551 et
1031 1481 1201 1550 inlustrat.
1263 1494 1271 1508 ·

109 1593 177 1661 Nec
201 1593 287 1661 enim
311 1593 398 1661 ullus
422 1593 488 1661 iam
513 1592 578 1679 en't
601 1592 765 1660 virtutum
795 1588 977 1675 splendor⁸,
1005 1590 1032 1658 si
1054 1611 1119 1658 non
1145 1609 1202 1658 eas
1302 1614 1311 1623 ·

108 1701 259 1768 caritatis
299 1700 518 1770 iurndiaverit
557 1700 683 1786 fulgor,
726 1701 812 1783 quod
848 1700 995 1768 ostendit
1033 1699 1203 1784 apostolus

108 1810 253 1878 dicens&
288 1812 348 1897 „Si
371 1812 488 1898 linpm'e
519 1814 684 1878 hominum
703 1812 817 1898 loquor
840 1821 867 1878 et
892 1811 1086 1898 eupolorum,
1118 1814 1201 1878 ouri·

95 1920 225 1988 'titotem
248 1915 371 1987 auteen⁹
395 1944 458 1987 aron
474 1921 616 2004 boboam,
641 1922 748 2005 factus
771 1943 841 1988 seem
855 1913 971 1986 εἰειιι10
999 1943 1051 1987 aes
1073 1942 1210 2008 sareanen
1315 1923 1335 1981 .”

108 2037 162 2096 out
195 2029 372 2116 symbolum
399 2018 549 2096 tinniens.
597 2024 675 2096 Et¹¹
709 2033 737 2095 ei
769 2029 906 2100 habuero
939 2028 1142 2115 prophetiam
1174 2037 1203 2095 et
1301 2018 1306 2024 ’

110 2141 248 2204 nouerim
269 2142 420 2223 mysteria
443 2142 559 2217 omerio,
584 2148 612 2205 et
629 2160 751 2204 onlnem
765 2140 937 2219 seientiam,
961 2146 989 2203 et
1012 2140 1041 2203 si
1062 2136 1200 2204 inomao

108 2267 228 2312 omem
250 2228 355 2329 fideret,
388 2249 434 2312 ito
465 2254 500 2314 nt
522 2256 642 2312 montes
665 2248 872 2328 transferam,
906 2250 1069 2314 caritatem
1099 2255 1202 2312 autern

109 2378 169 2422 non
195 2354 343 2438 natura,
374 2357 455 2421 nihil
478 2349 600 2438 sum¹²;
632 2365 660 2422 et
683 2359 712 2422 si
735 2355 925 2422 distribuero
951 2358 983 2421 in
1015 2354 1098 2421 cibos
1119 2377 1200 2440 pase·

46 2446 49 2451 ¹
105 2485 217 2549 perum
240 2485 344 2530 murres
366 2465 536 2548 faoreltatea
558 2485 643 2531 meae
667 2471 695 2532 et
718 2468 746 2530 ei
768 2465 938 2552 tradidero
957 2485 1072 2550 corpus
1090 2451 1204 2557 meum,

110 2575 152 2638 ita
175 2569 210 2640 u't
242 2573 383 2656 ardeam,
415 2577 580 2642 ominatum
611 2580 714 2640 antem
742 2596 805 2639 non
837 2573 984 2652 innuero,
1016 2571 1200 2638 enitimini

200 2714 505 2782 immurmurare.
521 2721 541 2769 t.
558 2714 681 2781 unum.
707 2714 804 2769 brou
820 2713 1055 2801 nummum.
1080 2713 1130 2769 0'1.
1141 2714 1203 2770 cor.
1297 2690 1301 2695 ’

111 2803 151 2869 13,
172 2808 185 2858 1
207 2822 265 2873 sqq.
393 2844 397 2855 .
1231 2834 1235 2843 ·

83 2956 88 2963 ·
199 2931 209 2962 ¹
228 2929 293 2986 Cod.
307 2931 337 2986 F.
358 2931 471 2986 exhibet
488 2931 580 2987 Bedne
599 2931 766 2987 sententiam
786 2931 959 2998 adverbum,
979 2931 1124 3001 perpaucis
1143 2937 1201 2987 tsn-
1226 2892 1231 2900 Ι

109 3026 167 3077 tnm
195 3021 286 3078 verbis
314 3022 448 3078 mutatis:
483 3021 638 3091 Septimum
664 3027 708 3076 est
738 3022 810 3091 quod
838 3022 960 3077 ansulam
987 3028 1102 3090 nonunt,
1131 3022 1203 3078 hana

45 3163 48 3169 .
109 3110 206 3169 Graeci
230 3114 374 3181 planetam
394 3112 542 3169 nominant
562 3129 631 3181 qnae
651 3128 811 3182 supremum
831 3113 954 3168 omnium
974 3111 1201 3169 indumentorum

108 3210 150 3258 est
169 3207 198 3259 et
210 3219 261 3259 sno
275 3203 399 3280 manime
412 3203 531 3280 interius
545 3203 638 3258 omnia
652 3203 734 3273 tegit.
763 3203 842 3259 Hanc
855 3219 921 3273 ergo
935 3207 1041 3258 vestem
1055 3218 1202 3271 possumus
1275 3246 1279 3254 r
1296 3267 1304 3277 ¹

108 3293 269 3366 intellegere
282 3295 457 3363 charitatem,
478 3295 511 3349 (le
524 3310 579 3362 qna
592 3294 761 3350 enumeratis
775 3295 913 3349 virtutum
928 3294 1097 3349 ornamentis
1110 3294 1201 3358 (vesti-

109 3385 220 3453 mentis)
232 3386 383 3454 Apostolus
402 3385 456 3440 ait:
478 3384 566 3454 Super
579 3385 672 3440 omnia
685 3391 779 3441 antem
800 3385 866 3441 haec
880 3385 1047 3441 charitatem
1068 3384 1202 3440 habentes

108 3476 179 3544 quoa
202 3483 246 3531 est
265 3475 407 3531 vinculum
432 3475 619 3545 perfeetionis.
663 3472 777 3543 'quam
797 3474 829 3528 V.
875 3474 886 3505 ⁸
913 3491 944 3531 eo
964 3491 1008 3531 om
1028 3472 1199 3530 curvare·

107 3581 138 3622 eo
163 3565 247 3636 quod]
275 3582 345 3635 quae
371 3565 429 3621 DV.
477 3565 488 3596 ⁴
515 3573 616 3621 vooaut
642 3566 704 3633 DC,
729 3566 826 3622 dicunt
852 3565 936 3622 Beda.
975 3564 986 3596 ¹
1014 3580 1153 3620 summum
1177 3563 1203 3618 V

107 3657 172 3726 qnia
191 3673 265 3727 supr.
285 3657 351 3712 Bed.
398 3654 457 3711 ⁸et
475 3656 532 3711 elia
550 3657 616 3712 Bed.
664 3654 801 3727 'semper
822 3657 925 3714 eminet
943 3655 977 3709 V.
1017 3654 1201 3724 'splendoris

107 3757 221 3803 ornatus
240 3748 274 3803 D.
307 3746 381 3803 ⁹om
402 3745 492 3802 lss1¹s
511 3762 543 3802 oe
562 3763 618 3802 exe.
641 3747 668 3801 h.
703 3746 725 3778 ¹⁰
744 3748 823 3803 velut
842 3747 900 3802 DV.
937 3746 957 3778 ¹¹
978 3745 1069 3801 Et'-
1090 3745 1132 3801 De
1151 3746 1202 3802 hoa
1268 3812 1271 3818 Ι

107 3854 152 3893 om
172 3837 200 3892 C.
242 3835 264 3869 ¹²
282 3838 354 3894 nihil
374 3853 435 3893 sum
456 3867 488 3877 -
508 3836 627 3893 habuero
647 3853 690 3892 om
712 3853 751 3893 oe.
