2744 4456
539 299 704 387 .-27

148 495 323 562 nautum.
359 494 622 575 exercitibusque
653 495 827 562 exercitus.
878 495 962 562 Duci
989 495 1094 580 igitur
1128 494 1240 564 inani¹

147 603 288 687 clarina·
311 609 428 685 martra
444 601 624 669 statuenda
644 610 697 669 est
712 603 778 670 dux
794 603 972 683 humilitas
998 624 1083 686 quae
1099 605 1240 673 maxime

149 721 289 793 generat
326 709 360 777 in
399 711 531 778 homine
569 711 812 795 despectionem
852 712 903 780 sui
943 723 978 779 et
1013 718 1237 796 cantemptum

149 819 346 886 caducarum
371 839 497 887 rerum:
531 819 770 902 comitibusque
801 820 871 887 aas
904 821 1040 888 comites
1070 822 1236 901 mamurii,

148 925 182 992 id
200 928 267 992 est:
285 930 509 998 inobedientiae
525 928 721 1009 obedientia,
739 933 909 997 iactantiam
921 929 1053 996 humilis
1065 928 1236 1012 professio,

149 1039 309 1123 hypocrisi
323 1035 525 1119 simplicitas,
544 1041 732 1105 contentioni
743 1036 941 1117 innocentia,
957 1043 1150 1126 pertinaciae
1165 1040 1237 1106 sub

146 1143 255 1221 iecth,
281 1148 459 1213 discordiae
474 1164 548 1228 pax,
568 1151 739 1216 novitatum
750 1151 1004 1235 praesumptioni
1020 1145 1119 1213 timot·
1133 1147 1185 1214 dei
1202 1157 1238 1215 et

147 1252 320 1319 honoratio
336 1260 478 1336 patrum.
504 1253 588 1320 Duci
602 1272 731 1336 quoque
746 1256 884 1322 invidiae
897 1254 1089 1337 opponenda
1106 1261 1159 1321 est
1170 1256 1238 1323 dux

147 1360 390 1438 benevolentia,
416 1361 654 1445 comitibusque
681 1362 751 1429 eins
771 1362 928 1430 contrarii
945 1361 1092 1441 comites,
1115 1363 1149 1431 id
1166 1371 1231 1431 est:

147 1471 220 1533 adia
234 1468 365 1536 dilectio
380 1488 471 1550 vera,
485 1476 700 1540 simarratioai
710 1477 804 1538 recta
815 1471 936 1539 locutio
947 1467 969 1556 ²,
983 1474 1170 1542 detractioni
1182 1473 1236 1557 pia

145 1578 302 1658 landatiO,
315 1580 501 1650 naamani
509 1585 542 1647 in
554 1583 696 1648 adversis
704 1585 847 1667 proximi
855 1580 1037 1663 compassio
1048 1580 1235 1649 infirmitati

147 1687 228 1762 eins,
242 1689 421 1772 adflictioni
436 1693 470 1755 in
480 1695 647 1777 pronioris
662 1688 765 1771 ipsius
781 1688 911 1756 botida
927 1689 961 1756 in
974 1689 1136 1772 sospitate
1152 1680 1233 1758 eius.

146 1797 220 1862 Irae
250 1795 324 1863 duci
354 1796 521 1863 contraria
553 1803 605 1863 est
635 1796 702 1863 dux
732 1797 962 1877 mansuetudo,
995 1797 1235 1881 comitibusque

144 1903 232 1971 illius
269 1905 405 1972 comites
443 1902 579 1972 istins³z
619 1911 736 1973 tamari
770 1912 880 1973 mantin
915 1906 1091 1989 placiditas
1122 1907 1232 1985 animi,

143 2013 348 2082 contumeliae
379 2013 581 2097 benignitas
619 2016 752 2082 clamori
780 2013 931 2099 gravitas
962 2015 1152 2094 verborum,
1185 2019 1232 2082 ia·

143 2123 323 2204 ‹liprtationi
335 2121 486 2187 suauitas
498 2140 634 2201 molum,
653 2124 862 2210 blasphemiae
872 2122 1002 2206 puritas
1015 2123 1091 2190 oris
1122 2125 1233 2193 tristi·

143 2235 206 2296 tine
228 2247 370 2320 namque
394 2229 469 2297 duci
492 2229 626 2296 obsistit
653 2229 720 2296 dux
744 2230 902 2313 spiritalis
925 2228 1108 2309 laetitiae⁴,
1143 2249 1233 2299 exer·

143 2336 290 2420 citniqne
312 2336 422 2405 illins⁵
447 2338 612 2406 exercitus
635 2338 742 2418 istius,
767 2338 801 2405 id
826 2345 894 2405 est:
924 2340 1065 2410 malitiae
1087 2339 1230 2418 bonitas,

143 2451 274 2514 rancori
295 2446 426 2526 lenitas
455 2449 716 2536 pusillanimitati
738 2447 981 2532 longanimitas,
1017 2451 1232 2537 desperationi

144 2555 405 2638 perseverantia,
431 2561 555 2645 torpori
577 2561 663 2624 circa
681 2555 874 2644 praecepta⁶
899 2556 1045 2623 studium
1069 2555 1228 2639 spiritale,

141 2669 305 2749 vanationi
332 2670 443 2732 meritis
475 2688 550 2747 erpa
583 2668 702 2730 inlicita
733 2664 874 2730 intentio
906 2664 1037 2731 divinae
1068 2664 1227 2732 lectionis

143 2778 307 2857 atanarico
338 2773 411 2839 duci
443 2773 585 2840 adversa
618 2780 671 2839 est
700 2773 767 2840 dux
796 2773 945 2857 largitas
981 2773 1231 2857 agminibusque
1282 2823 1286 2832 .

142 2880 213 2948 eius
229 2881 361 2959 cumina
376 2881 484 2960 istius,
501 2881 534 2947 id
552 2886 620 2948 est:
637 2884 815 2968 proditioni
830 2881 912 2948 fides
928 2900 992 2947 non
1008 2880 1097 2959 ficta,
1115 2883 1230 2966 fraudi

110 3003 113 3007 '
141 2989 323 3068 sinceritas
357 2991 508 3073 fallaciae
531 2989 667 3069 veritas
699 2994 850 3077 periuriis
877 3010 941 3056 nou
964 2989 1085 3066 iurare,
1111 2994 1228 3075 inpin-

140 3101 245 3164 tadini
276 3098 509 3180 tranquillitas
541 3100 704 3165 violentiae
734 3097 906 3180 patientia,
939 3101 1077 3167 tarnim
1106 3095 1229 3163 miseri·

140 3205 260 3273 cordia.
314 3206 397 3273 Daci
432 3206 551 3289 quippe
585 3205 853 3291 pastrirnarrn‘anb
887 3206 920 3271 id
957 3213 1009 3272 est
1044 3205 1228 3272 horrendae

139 3310 339 3381 rorantem
369 3314 535 3381 mirtraria
559 3321 613 3381 est
635 3313 701 3380 dux
725 3313 937 3392 abstinentia,
971 3313 1227 3395 cohortibusque

230 3508 244 3536 ⁸
267 3494 398 3564 repetitio
424 3492 626 3562 praedictorum
654 3493 786 3549 vitiorum
813 3508 873 3548 cum
902 3492 1037 3563 oppositis
1063 3490 1225 3548 attauhun.

139 3584 298 3650 bt‘assian,
317 3584 386 3639 conl.
402 3583 435 3637 V.
455 3599 497 3653 cp.
519 3584 560 3639 16.
647 3615 650 3621 -

199 3677 438 3766 mitonins.
478 3710 694 3766 ’locutiovera
712 3727 751 3765 oe.
791 3707 1224 3765 'arepennem-taius.

138 3802 279 3857 ‘laetitia
292 3818 329 3856 oe.
363 3800 498 3856 ‘eiusce
533 3800 703 3870 ‘praecepta
722 3801 766 3857 dei
786 3799 853 3855 M‘S.
887 3798 1005 3855 'idest
1025 3799 1225 3855 homuncii.

138 3908 182 3947 om
202 3907 242 3948 oc.

1061 3959 1114 4016 18*
