<?xml version="1.0" encoding="UTF-8"?>
<!DOCTYPE html PUBLIC "-//W3C//DTD XHTML 1.0 Transitional//EN"
    "http://www.w3.org/TR/xhtml1/DTD/xhtml1-transitional.dtd">
<html xmlns="http://www.w3.org/1999/xhtml" xml:lang="en" lang="en">
 <head>
  <title>
</title>
<meta http-equiv="Content-Type" content="text/html;charset=utf-8" />
  <meta name='ocr-system' content='tesseract 3.04.00' />
  <meta name='ocr-capabilities' content='ocr_page ocr_carea ocr_par ocr_line ocrx_word'/>
</head>
<body>
  <div class='ocr_page' id='page_1' title='image "./deinstitutionec00maurgoog_0044.png"; bbox 0 0 2744 4456; ppageno 0'>
   <div class='ocr_carea' id='block_1_1' title="bbox 563 244 766 285">
    <p class='ocr_par' dir='ltr' id='par_1_1' title="bbox 563 244 766 285">
     <span class='ocr_line' id='line_1_1' title="bbox 563 244 766 285; baseline 0 -21"><span class='ocrx_word' id='word_1_1' title='bbox 563 244 766 285; x_wconf 60' lang='lat'><em>..0-</em></span> 
     </span>
    </p>
   </div>
   <div class='ocr_carea' id='block_1_2' title="bbox 46 419 1260 2563">
    <p class='ocr_par' dir='ltr' id='par_1_2' title="bbox 46 419 1260 2563">
     <span class='ocr_line' id='line_1_2' title="bbox 46 419 1026 506; baseline 0.002 -18"><span class='ocrx_word' id='word_1_2' title='bbox 46 454 48 459; x_wconf 96' lang='lat'>·</span> <span class='ocrx_word' id='word_1_3' title='bbox 169 419 251 506; x_wconf 89' lang='lat' dir='ltr'>Quid</span> <span class='ocrx_word' id='word_1_4' title='bbox 274 421 410 489; x_wconf 86' lang='lat' dir='ltr'>mandet</span> <span class='ocrx_word' id='word_1_5' title='bbox 433 421 539 502; x_wconf 86' lang='lat' dir='ltr'>dictis,</span> <span class='ocrx_word' id='word_1_6' title='bbox 565 421 644 505; x_wconf 88' lang='lat' dir='ltr'>quid</span> <span class='ocrx_word' id='word_1_7' title='bbox 667 420 765 489; x_wconf 84' lang='lat' dir='ltr'>factis</span> <span class='ocrx_word' id='word_1_8' title='bbox 789 421 914 489; x_wconf 84' lang='lat' dir='ltr'>indicet</span> <span class='ocrx_word' id='word_1_9' title='bbox 935 421 1026 506; x_wconf 89' lang='lat' dir='ltr'>ipsis,</span> 
     </span>
     <span class='ocr_line' id='line_1_3' title="bbox 228 528 1127 616; baseline 0 -18"><span class='ocrx_word' id='word_1_10' title='bbox 228 529 321 614; x_wconf 83' lang='lat' dir='ltr'>Quae</span> <span class='ocrx_word' id='word_1_11' title='bbox 345 530 447 597; x_wconf 82' lang='lat' dir='ltr'>codex</span> <span class='ocrx_word' id='word_1_12' title='bbox 469 530 618 616; x_wconf 82' lang='lat' dir='ltr'>geminus</span> <span class='ocrx_word' id='word_1_13' title='bbox 643 530 791 598; x_wconf 76' lang='lat' dir='ltr'>conunet</span> <span class='ocrx_word' id='word_1_14' title='bbox 813 529 868 598; x_wconf 91' lang='lat' dir='ltr'>ille</span> <span class='ocrx_word' id='word_1_15' title='bbox 892 528 1002 598; x_wconf 83' lang='lat' dir='ltr'>suus¹.</span> <span class='ocrx_word' id='word_1_16' title='bbox 1125 566 1127 570; x_wconf 94' lang='lat'>·</span> 
     </span>
     <span class='ocr_line' id='line_1_4' title="bbox 168 635 1032 723; baseline 0.002 -19"><span class='ocrx_word' id='word_1_17' title='bbox 168 635 250 722; x_wconf 90' lang='lat' dir='ltr'>Quid</span> <span class='ocrx_word' id='word_1_18' title='bbox 273 637 468 706; x_wconf 88' lang='lat' dir='ltr'>celebrando</span> <span class='ocrx_word' id='word_1_19' title='bbox 491 638 554 723; x_wconf 87' lang='lat' dir='ltr'>piis</span> <span class='ocrx_word' id='word_1_20' title='bbox 579 638 689 723; x_wconf 75' lang='lat' dir='ltr'>signet</span> <span class='ocrx_word' id='word_1_21' title='bbox 712 638 884 706; x_wconf 85' lang='lat' dir='ltr'>carissima</span> <span class='ocrx_word' id='word_1_22' title='bbox 907 637 1032 706; x_wconf 82' lang='lat' dir='ltr'>Christi</span> 
     </span>
     <span class='ocr_line' id='line_1_5' title="bbox 228 745 932 828; baseline 0.001 -16"><span class='ocrx_word' id='word_1_23' title='bbox 228 745 354 828; x_wconf 82' lang='lat' dir='ltr'><strong>Sponsa</strong></span> <span class='ocrx_word' id='word_1_24' title='bbox 378 746 594 814; x_wconf 71' lang='lat' dir='ltr'>sacramentis</span> <span class='ocrx_word' id='word_1_25' title='bbox 619 754 654 814; x_wconf 89' lang='lat' dir='ltr'>et</span> <span class='ocrx_word' id='word_1_26' title='bbox 678 746 796 814; x_wconf 85' lang='lat' dir='ltr'>studiis</span> <span class='ocrx_word' id='word_1_27' title='bbox 820 747 932 814; x_wconf 87' lang='lat' dir='ltr'>variis.</span> 
     </span>
     <span class='ocr_line' id='line_1_6' title="bbox 166 851 1155 940; baseline 0.003 -20"><span class='ocrx_word' id='word_1_28' title='bbox 166 853 249 920; x_wconf 92' lang='lat' dir='ltr'>Nam</span> <span class='ocrx_word' id='word_1_29' title='bbox 272 854 349 937; x_wconf 86' lang='lat' dir='ltr'>quia</span> <span class='ocrx_word' id='word_1_30' title='bbox 372 851 553 938; x_wconf 59' lang='lat' dir='ltr'>posuistis*</span> <span class='ocrx_word' id='word_1_31' title='bbox 572 856 655 922; x_wconf 83' lang='lat' dir='ltr'>haec</span> <span class='ocrx_word' id='word_1_32' title='bbox 677 855 772 924; x_wconf 88' lang='lat' dir='ltr'>vobis</span> <span class='ocrx_word' id='word_1_33' title='bbox 795 854 935 923; x_wconf 88' lang='lat' dir='ltr'>reddere</span> <span class='ocrx_word' id='word_1_34' title='bbox 957 855 1099 940; x_wconf 82' lang='lat' dir='ltr'>scriptis,</span> <span class='ocrx_word' id='word_1_35' title='bbox 1152 907 1155 912; x_wconf 83' lang='grc'><strong>.</strong></span> 
     </span>
     <span class='ocr_line' id='line_1_7' title="bbox 228 961 1188 1056; baseline 0.004 -29"><span class='ocrx_word' id='word_1_36' title='bbox 228 961 370 1029; x_wconf 84' lang='lat' dir='ltr'>Exhibui</span> <span class='ocrx_word' id='word_1_37' title='bbox 394 962 507 1045; x_wconf 87' lang='lat' dir='ltr'>parvis</span> <span class='ocrx_word' id='word_1_38' title='bbox 530 964 614 1032; x_wconf 85' lang='lat' dir='ltr'>haec</span> <span class='ocrx_word' id='word_1_39' title='bbox 637 965 745 1031; x_wconf 83' lang='lat' dir='ltr'>tribus</span> <span class='ocrx_word' id='word_1_40' title='bbox 767 964 840 1047; x_wconf 85' lang='lat' dir='ltr'>ipse</span> <span class='ocrx_word' id='word_1_41' title='bbox 862 963 964 1031; x_wconf 87' lang='lat' dir='ltr'>libris.</span> <span class='ocrx_word' id='word_1_42' title='bbox 1184 1049 1188 1056; x_wconf 19' lang='lat'>⁵</span> 
     </span>
     <span class='ocr_line' id='line_1_8' title="bbox 167 1068 1149 1159; baseline 0.003 -23"><span class='ocrx_word' id='word_1_43' title='bbox 167 1068 250 1155; x_wconf 91' lang='lat' dir='ltr'>Quid</span> <span class='ocrx_word' id='word_1_44' title='bbox 273 1071 404 1138; x_wconf 89' lang='lat' dir='ltr'>cultura</span> <span class='ocrx_word' id='word_1_45' title='bbox 421 1068 533 1159; x_wconf 84' lang='lat' dir='ltr'>¹velit³,</span> <span class='ocrx_word' id='word_1_46' title='bbox 561 1072 719 1157; x_wconf 71' lang='lat' dir='ltr'>grauibus</span> <span class='ocrx_word' id='word_1_47' title='bbox 744 1071 822 1155; x_wconf 79' lang='lat' dir='ltr'>qud</span> <span class='ocrx_word' id='word_1_48' title='bbox 845 1072 978 1140; x_wconf 75' lang='lat' dir='ltr'>nunuat</span> <span class='ocrx_word' id='word_1_49' title='bbox 1001 1071 1108 1153; x_wconf 72' lang='lat' dir='ltr'>almis</span> <span class='ocrx_word' id='word_1_50' title='bbox 1144 1085 1149 1094; x_wconf 83' lang='lat'><em>·</em></span> 
     </span>
     <span class='ocr_line' id='line_1_9' title="bbox 228 1176 1057 1263; baseline 0.001 -19"><span class='ocrx_word' id='word_1_51' title='bbox 228 1176 314 1263; x_wconf 83' lang='lat' dir='ltr'>Quid</span> <span class='ocrx_word' id='word_1_52' title='bbox 336 1198 443 1261; x_wconf 86' lang='lat' dir='ltr'>prece,</span> <span class='ocrx_word' id='word_1_53' title='bbox 469 1179 546 1262; x_wconf 87' lang='lat' dir='ltr'>quid</span> <span class='ocrx_word' id='word_1_54' title='bbox 570 1178 667 1249; x_wconf 84' lang='lat' dir='ltr'>iestis</span> <span class='ocrx_word' id='word_1_55' title='bbox 692 1189 810 1248; x_wconf 88' lang='lat' dir='ltr'>sancta</span> <span class='ocrx_word' id='word_1_56' title='bbox 833 1180 886 1248; x_wconf 89' lang='lat' dir='ltr'>dei</span> <span class='ocrx_word' id='word_1_57' title='bbox 910 1179 1057 1249; x_wconf 82' lang='lat' dir='ltr'>ecclesia.</span> 
     </span>
     <span class='ocr_line' id='line_1_10' title="bbox 168 1285 1150 1372; baseline 0.003 -19"><span class='ocrx_word' id='word_1_58' title='bbox 168 1285 332 1371; x_wconf 75' lang='lat' dir='ltr'>Dogmata</span> <span class='ocrx_word' id='word_1_59' title='bbox 355 1306 440 1369; x_wconf 87' lang='lat' dir='ltr'>quae</span> <span class='ocrx_word' id='word_1_60' title='bbox 464 1288 592 1355; x_wconf 87' lang='lat' dir='ltr'>cunctis</span> <span class='ocrx_word' id='word_1_61' title='bbox 616 1287 688 1372; x_wconf 67' lang='lat' dir='ltr'>pie⁴</span> <span class='ocrx_word' id='word_1_62' title='bbox 711 1289 847 1368; x_wconf 79' lang='lat' dir='ltr'>discere,</span> <span class='ocrx_word' id='word_1_63' title='bbox 873 1308 1001 1371; x_wconf 86' lang='lat' dir='ltr'>quaeve</span> <span class='ocrx_word' id='word_1_64' title='bbox 1024 1289 1150 1368; x_wconf 85' lang='lat' dir='ltr'>docere,</span> 
     </span>
     <span class='ocr_line' id='line_1_11' title="bbox 229 1393 1033 1481; baseline 0.004 -20"><span class='ocrx_word' id='word_1_65' title='bbox 229 1393 394 1462; x_wconf 81' lang='lat' dir='ltr'>Condecet</span> <span class='ocrx_word' id='word_1_66' title='bbox 417 1395 585 1474; x_wconf 87' lang='lat' dir='ltr'><strong>ordinibus</strong></span> <span class='ocrx_word' id='word_1_67' title='bbox 610 1398 752 1481; x_wconf 88' lang='lat' dir='ltr'>mystica</span> <span class='ocrx_word' id='word_1_68' title='bbox 775 1396 865 1465; x_wconf 87' lang='lat' dir='ltr'>dicta</span> <span class='ocrx_word' id='word_1_69' title='bbox 888 1397 962 1464; x_wconf 54' lang='lat' dir='ltr'>dei„</span> <span class='ocrx_word' id='word_1_70' title='bbox 1025 1409 1033 1426; x_wconf 84' lang='grc'><em>·</em></span> 
     </span>
     <span class='ocr_line' id='line_1_12' title="bbox 167 1500 1260 1590; baseline 0.003 -21"><span class='ocrx_word' id='word_1_71' title='bbox 167 1500 248 1568; x_wconf 78' lang='lat' dir='ltr'>Sed⁵</span> <span class='ocrx_word' id='word_1_72' title='bbox 270 1503 349 1570; x_wconf 89' lang='lat' dir='ltr'>licet</span> <span class='ocrx_word' id='word_1_73' title='bbox 371 1504 454 1571; x_wconf 88' lang='lat' dir='ltr'>haec</span> <span class='ocrx_word' id='word_1_74' title='bbox 477 1509 552 1570; x_wconf 90' lang='lat' dir='ltr'>tota</span> <span class='ocrx_word' id='word_1_75' title='bbox 574 1524 639 1572; x_wconf 90' lang='grc'><strong>11011</strong></span> <span class='ocrx_word' id='word_1_76' title='bbox 662 1503 806 1589; x_wconf 77' lang='lat' dir='ltr'>possim⁶</span> <span class='ocrx_word' id='word_1_77' title='bbox 830 1525 967 1590; x_wconf 88' lang='lat' dir='ltr'>carpere</span> <span class='ocrx_word' id='word_1_78' title='bbox 990 1504 1132 1588; x_wconf 73' lang='lat' dir='ltr'>scriptis</span> <span class='ocrx_word' id='word_1_79' title='bbox 1257 1529 1260 1533; x_wconf 43' lang='lat'><strong>¹</strong></span> 
     </span>
     <span class='ocr_line' id='line_1_13' title="bbox 227 1609 1006 1694; baseline 0.005 -17"><span class='ocrx_word' id='word_1_80' title='bbox 227 1609 374 1678; x_wconf 86' lang='lat' dir='ltr'>Plurima</span> <span class='ocrx_word' id='word_1_81' title='bbox 398 1612 585 1694; x_wconf 84' lang='lat' dir='ltr'>complexus</span> <span class='ocrx_word' id='word_1_82' title='bbox 609 1612 663 1680; x_wconf 88' lang='lat' dir='ltr'>hic</span> <span class='ocrx_word' id='word_1_83' title='bbox 687 1619 799 1680; x_wconf 88' lang='lat' dir='ltr'>tamen</span> <span class='ocrx_word' id='word_1_84' title='bbox 822 1619 898 1681; x_wconf 90' lang='lat' dir='ltr'>arte</span> <span class='ocrx_word' id='word_1_85' title='bbox 921 1613 1006 1681; x_wconf 82' lang='lat' dir='ltr'>dedi.</span> 
     </span>
     <span class='ocr_line' id='line_1_14' title="bbox 167 1717 1116 1804; baseline 0.004 -19"><span class='ocrx_word' id='word_1_86' title='bbox 167 1717 257 1786; x_wconf 88' lang='lat' dir='ltr'>Haec</span> <span class='ocrx_word' id='word_1_87' title='bbox 280 1738 340 1804; x_wconf 87' lang='lat' dir='ltr'>ego</span> <span class='ocrx_word' id='word_1_88' title='bbox 363 1726 519 1803; x_wconf 87' lang='lat' dir='ltr'>peccator</span> <span class='ocrx_word' id='word_1_89' title='bbox 541 1720 721 1789; x_wconf 88' lang='lat' dir='ltr'>Hrabanus</span> <span class='ocrx_word' id='word_1_90' title='bbox 745 1722 831 1789; x_wconf 85' lang='lat' dir='ltr'>dona</span> <span class='ocrx_word' id='word_1_91' title='bbox 855 1721 1002 1789; x_wconf 84' lang='lat' dir='ltr'>tonantis</span> <span class='ocrx_word' id='word_1_92' title='bbox 1114 1795 1116 1803; x_wconf 57' lang='grc'><em>,</em></span> 
     </span>
     <span class='ocr_line' id='line_1_15' title="bbox 227 1826 1064 1929; baseline 0.006 -36"><span class='ocrx_word' id='word_1_93' title='bbox 227 1826 403 1895; x_wconf 80' lang='lat' dir='ltr'>Vobiscum</span> <span class='ocrx_word' id='word_1_94' title='bbox 426 1828 569 1911; x_wconf 89' lang='lat' dir='ltr'>capiens,</span> <span class='ocrx_word' id='word_1_95' title='bbox 595 1849 682 1896; x_wconf 89' lang='lat' dir='ltr'>nunc</span> <span class='ocrx_word' id='word_1_96' title='bbox 705 1827 779 1913; x_wconf 74' lang='lat' dir='ltr'>pie‘</span> <span class='ocrx_word' id='word_1_97' title='bbox 803 1829 974 1913; x_wconf 84' lang='lat' dir='ltr'>participo.</span> <span class='ocrx_word' id='word_1_98' title='bbox 1059 1915 1064 1929; x_wconf 24' lang='grc' dir='ltr'><strong><em>μ</em></strong></span> 
     </span>
     <span class='ocr_line' id='line_1_16' title="bbox 166 1934 1086 2021; baseline 0.003 -20"><span class='ocrx_word' id='word_1_99' title='bbox 166 1934 308 2019; x_wconf 81' lang='lat' dir='ltr'>Supplex</span> <span class='ocrx_word' id='word_1_100' title='bbox 331 1955 390 2003; x_wconf 90' lang='lat' dir='ltr'>vos</span> <span class='ocrx_word' id='word_1_101' title='bbox 413 1956 511 2020; x_wconf 89' lang='lat' dir='ltr'>posco</span> <span class='ocrx_word' id='word_1_102' title='bbox 535 1942 666 2004; x_wconf 86' lang='lat' dir='ltr'>testans</span> <span class='ocrx_word' id='word_1_103' title='bbox 689 1956 749 2020; x_wconf 87' lang='lat' dir='ltr'>per</span> <span class='ocrx_word' id='word_1_104' title='bbox 773 1943 906 2021; x_wconf 87' lang='lat' dir='ltr'>sceptra</span> <span class='ocrx_word' id='word_1_105' title='bbox 929 1937 1086 2016; x_wconf 72' lang='lat' dir='ltr'>mirantis,</span> 
     </span>
     <span class='ocr_line' id='line_1_17' title="bbox 228 2044 1153 2128; baseline 0.003 -17"><span class='ocrx_word' id='word_1_106' title='bbox 228 2044 283 2112; x_wconf 85' lang='lat' dir='ltr'>Me</span> <span class='ocrx_word' id='word_1_107' title='bbox 306 2053 345 2111; x_wconf 92' lang='lat' dir='ltr'>ut</span> <span class='ocrx_word' id='word_1_108' title='bbox 368 2045 602 2112; x_wconf 87' lang='lat' dir='ltr'>commendetis</span> <span class='ocrx_word' id='word_1_109' title='bbox 626 2064 687 2113; x_wconf 87' lang='lat' dir='ltr'>vos</span> <span class='ocrx_word' id='word_1_110' title='bbox 710 2045 863 2128; x_wconf 89' lang='lat' dir='ltr'>precibus</span> <span class='ocrx_word' id='word_1_111' title='bbox 887 2045 1026 2113; x_wconf 89' lang='lat' dir='ltr'>domino.</span> <span class='ocrx_word' id='word_1_112' title='bbox 1147 2065 1153 2076; x_wconf 85' lang='lat'><strong>·</strong></span> 
     </span>
     <span class='ocr_line' id='line_1_18' title="bbox 167 2150 971 2238; baseline 0.002 -19"><span class='ocrx_word' id='word_1_113' title='bbox 167 2150 336 2236; x_wconf 74' lang='lat' dir='ltr'>Quatenus</span> <span class='ocrx_word' id='word_1_114' title='bbox 359 2153 431 2237; x_wconf 90' lang='lat' dir='ltr'>ipse</span> <span class='ocrx_word' id='word_1_115' title='bbox 453 2153 527 2238; x_wconf 92' lang='lat' dir='ltr'>pius</span> <span class='ocrx_word' id='word_1_116' title='bbox 552 2153 712 2222; x_wconf 84' lang='lat' dir='ltr'>concedat</span> <span class='ocrx_word' id='word_1_117' title='bbox 735 2153 821 2222; x_wconf 89' lang='lat' dir='ltr'>dona</span> <span class='ocrx_word' id='word_1_118' title='bbox 844 2153 971 2234; x_wconf 73' lang='lat' dir='ltr'>saiutia</span> 
     </span>
     <span class='ocr_line' id='line_1_19' title="bbox 226 2260 926 2346; baseline 0.001 -20"><span class='ocrx_word' id='word_1_119' title='bbox 226 2260 403 2329; x_wconf 84' lang='lat' dir='ltr'>Vobiscum</span> <span class='ocrx_word' id='word_1_120' title='bbox 424 2262 577 2329; x_wconf 87' lang='lat' dir='ltr'>mihimet</span> <span class='ocrx_word' id='word_1_121' title='bbox 600 2281 705 2346; x_wconf 76' lang='lat' dir='ltr'>regua</span> <span class='ocrx_word' id='word_1_122' title='bbox 727 2262 829 2330; x_wconf 90' lang='lat' dir='ltr'>beata</span> <span class='ocrx_word' id='word_1_123' title='bbox 851 2261 926 2345; x_wconf 90' lang='lat' dir='ltr'>poli.</span> 
     </span>
     <span class='ocr_line' id='line_1_20' title="bbox 167 2356 1162 2450; baseline 0.003 -16"><span class='ocrx_word' id='word_1_124' title='bbox 167 2356 317 2436; x_wconf 77' lang='lat' dir='ltr'>Christus</span> <span class='ocrx_word' id='word_1_125' title='bbox 341 2370 408 2438; x_wconf 85' lang='lat' dir='ltr'>dux</span> <span class='ocrx_word' id='word_1_126' title='bbox 430 2376 554 2450; x_wconf 89' lang='lat' dir='ltr'>vester,</span> <span class='ocrx_word' id='word_1_127' title='bbox 582 2369 735 2438; x_wconf 82' lang='lat' dir='ltr'>Christus</span> <span class='ocrx_word' id='word_1_128' title='bbox 758 2389 827 2444; x_wconf 82' lang='lat' dir='ltr'>rex,</span> <span class='ocrx_word' id='word_1_129' title='bbox 855 2369 1008 2438; x_wconf 83' lang='lat' dir='ltr'>Christus</span> <span class='ocrx_word' id='word_1_130' title='bbox 1031 2375 1162 2437; x_wconf 90' lang='lat' dir='ltr'>amator</span> 
     </span>
     <span class='ocr_line' id='line_1_21' title="bbox 227 2477 1115 2563; baseline 0.005 -18"><span class='ocrx_word' id='word_1_131' title='bbox 227 2477 362 2563; x_wconf 85' lang='lat' dir='ltr'>Semper</span> <span class='ocrx_word' id='word_1_132' title='bbox 384 2497 445 2548; x_wconf 91' lang='lat' dir='ltr'>vos</span> <span class='ocrx_word' id='word_1_133' title='bbox 469 2480 579 2548; x_wconf 83' lang='lat' dir='ltr'>saivet</span> <span class='ocrx_word' id='word_1_134' title='bbox 603 2498 751 2547; x_wconf 91' lang='lat' dir='ltr'>summus</span> <span class='ocrx_word' id='word_1_135' title='bbox 774 2479 807 2546; x_wconf 89' lang='lat' dir='ltr'>in</span> <span class='ocrx_word' id='word_1_136' title='bbox 832 2498 909 2547; x_wconf 88' lang='lat' dir='ltr'>arce</span> <span class='ocrx_word' id='word_1_137' title='bbox 931 2479 1023 2547; x_wconf 87' lang='lat' dir='ltr'>deus.</span> <span class='ocrx_word' id='word_1_138' title='bbox 1109 2539 1115 2549; x_wconf 92' lang='lat'><strong><em>.</em></strong></span> 
     </span>
    </p>
   </div>
   <div class='ocr_carea' id='block_1_3' title="bbox 252 2929 1075 3161">
    <p class='ocr_par' dir='ltr' id='par_1_3' title="bbox 252 2929 1075 3161">
     <span class='ocr_line' id='line_1_22' title="bbox 595 2929 822 3016; baseline 0.009 -18"><span class='ocrx_word' id='word_1_139' title='bbox 595 2931 673 3016; x_wconf 88' lang='lat' dir='ltr'>Cap.</span> <span class='ocrx_word' id='word_1_140' title='bbox 702 2937 730 3000; x_wconf 89' lang='grc'><strong>1.</strong></span> <span class='ocrx_word' id='word_1_141' title='bbox 819 2929 822 2934; x_wconf 81' lang='grc'><strong>’</strong></span> 
     </span>
     <span class='ocr_line' id='line_1_23' title="bbox 252 3039 1075 3161; baseline -0.002 -1"><span class='ocrx_word' id='word_1_142' title='bbox 252 3092 314 3160; x_wconf 79' lang='lat' dir='ltr'>ms</span> <span class='ocrx_word' id='word_1_143' title='bbox 338 3092 432 3161; x_wconf 74' lang='lat' dir='ltr'>osa</span> <span class='ocrx_word' id='word_1_144' title='bbox 457 3093 537 3161; x_wconf 81' lang='lat' dir='ltr'>om</span> <span class='ocrx_word' id='word_1_145' title='bbox 562 3093 782 3160; x_wconf 79' lang='lat' dir='ltr'>uoouasm</span> <span class='ocrx_word' id='word_1_146' title='bbox 809 3039 1075 3160; x_wconf 71' lang='grc'><strong>0111101101.</strong></span> 
     </span>
    </p>
   </div>
   <div class='ocr_carea' id='block_1_4' title="bbox 122 3255 1211 3450">
    <p class='ocr_par' dir='ltr' id='par_1_4' title="bbox 122 3255 1211 3450">
     <span class='ocr_line' id='line_1_24' title="bbox 211 3255 1211 3343; baseline -0.001 -19"><span class='ocrx_word' id='word_1_147' title='bbox 211 3255 395 3337; x_wconf 52' lang='lat' dir='ltr'>‚acroam</span> <span class='ocrx_word' id='word_1_148' title='bbox 418 3275 497 3342; x_wconf 76' lang='lat' dir='ltr'>ergo</span> <span class='ocrx_word' id='word_1_149' title='bbox 516 3256 568 3324; x_wconf 84' lang='lat' dir='ltr'>dei</span> <span class='ocrx_word' id='word_1_150' title='bbox 584 3258 794 3340; x_wconf 73' lang='lat' dir='ltr'>‚,cotkolr&#39;ro“‚</span> <span class='ocrx_word' id='word_1_151' title='bbox 819 3275 904 3339; x_wconf 79' lang='lat' dir='ltr'>quae</span> <span class='ocrx_word' id='word_1_152' title='bbox 919 3281 976 3343; x_wconf 77' lang='lat' dir='ltr'>per·</span> <span class='ocrx_word' id='word_1_153' title='bbox 992 3267 1089 3333; x_wconf 77' lang='lat' dir='ltr'>totam</span> <span class='ocrx_word' id='word_1_154' title='bbox 1106 3258 1211 3324; x_wconf 78' lang='lat' dir='ltr'>orbem</span> 
     </span>
     <span class='ocr_line' id='line_1_25' title="bbox 122 3363 1209 3450; baseline -0.002 -18"><span class='ocrx_word' id='word_1_155' title='bbox 122 3364 254 3432; x_wconf 67' lang='lat' dir='ltr'>dommo</span> <span class='ocrx_word' id='word_1_156' title='bbox 266 3365 500 3450; x_wconf 53' lang='lat' dir='ltr'>disperditum</span> <span class='ocrx_word' id='word_1_157' title='bbox 512 3363 636 3431; x_wconf 84' lang='lat' dir='ltr'>Christi</span> <span class='ocrx_word' id='word_1_158' title='bbox 654 3364 785 3432; x_wconf 85' lang='lat' dir='ltr'>nomine</span> <span class='ocrx_word' id='word_1_159' title='bbox 802 3364 977 3431; x_wconf 87' lang='lat' dir='ltr'>nobilitata</span> <span class='ocrx_word' id='word_1_160' title='bbox 993 3363 1209 3449; x_wconf 76' lang='lat' dir='ltr'>glorificatur.</span> 
     </span>
    </p>
   </div>
   <div class='ocr_carea' id='block_1_5' title="bbox 209 3537 1209 3654">
    <p class='ocr_par' dir='ltr' id='par_1_5' title="bbox 209 3537 1209 3654">
     <span class='ocr_line' id='line_1_26' title="bbox 209 3537 1209 3654; baseline -0.004 -17"><span class='ocrx_word' id='word_1_161' title='bbox 209 3591 223 3622; x_wconf 87' lang='lat'><strong>·</strong></span> <span class='ocrx_word' id='word_1_162' title='bbox 241 3580 308 3637; x_wconf 80' lang='lat' dir='ltr'>mo.</span> <span class='ocrx_word' id='word_1_163' title='bbox 322 3580 415 3649; x_wconf 74' lang='lat' dir='ltr'>atym.</span> <span class='ocrx_word' id='word_1_164' title='bbox 431 3579 509 3654; x_wconf 80' lang='lat' dir='ltr'>vm,</span> <span class='ocrx_word' id='word_1_165' title='bbox 520 3583 550 3642; x_wconf 79' lang='grc'><strong>1;</strong></span> <span class='ocrx_word' id='word_1_166' title='bbox 571 3579 769 3648; x_wconf 63' lang='grc'><strong>00010111.</strong></span> <span class='ocrx_word' id='word_1_167' title='bbox 795 3579 861 3635; x_wconf 77' lang='lat' dir='ltr'>mo.</span> <span class='ocrx_word' id='word_1_168' title='bbox 879 3580 973 3648; x_wconf 77' lang='lat' dir='ltr'>Etym.</span> <span class='ocrx_word' id='word_1_169' title='bbox 987 3552 1051 3646; x_wconf 85' lang='lat' dir='ltr'><strong>v&#39;n,</strong></span> <span class='ocrx_word' id='word_1_170' title='bbox 1071 3537 1105 3634; x_wconf 75' lang='grc'><strong>11</strong></span> <span class='ocrx_word' id='word_1_171' title='bbox 1123 3585 1151 3635; x_wconf 77' lang='lat' dir='ltr'>et</span> <span class='ocrx_word' id='word_1_172' title='bbox 1168 3579 1209 3635; x_wconf 80' lang='grc'><strong>11.</strong></span> 
     </span>
    </p>
   </div>
   <div class='ocr_carea' id='block_1_6' title="bbox 121 3704 1208 3867">
    <p class='ocr_par' dir='ltr' id='par_1_6' title="bbox 121 3704 1208 3867">
     <span class='ocr_line' id='line_1_27' title="bbox 211 3704 1208 3776; baseline -0.003 -13"><span class='ocrx_word' id='word_1_173' title='bbox 211 3705 278 3764; x_wconf 67' lang='lat' dir='ltr'>⁸sic</span> <span class='ocrx_word' id='word_1_174' title='bbox 302 3706 365 3763; x_wconf 75' lang='grc' dir='ltr'>ΜΡι</span> <span class='ocrx_word' id='word_1_175' title='bbox 379 3708 411 3771; x_wconf 85' lang='lat' dir='ltr'>h;</span> <span class='ocrx_word' id='word_1_176' title='bbox 440 3708 491 3762; x_wconf 81' lang='lat' dir='ltr'>oal.</span> <span class='ocrx_word' id='word_1_177' title='bbox 512 3707 633 3776; x_wconf 77' lang='lat' dir='ltr'>geminis</span> <span class='ocrx_word' id='word_1_178' title='bbox 655 3736 688 3746; x_wconf 94' lang='lat'>-</span> <span class='ocrx_word' id='word_1_179' title='bbox 710 3705 775 3762; x_wconf 86' lang='lat' dir='ltr'>suis.</span> <span class='ocrx_word' id='word_1_180' title='bbox 812 3704 962 3775; x_wconf 76' lang='lat' dir='ltr'>²Namque</span> <span class='ocrx_word' id='word_1_181' title='bbox 981 3705 1145 3775; x_wconf 81' lang='lat' dir='ltr'>poposcistis</span> <span class='ocrx_word' id='word_1_182' title='bbox 1170 3720 1208 3761; x_wconf 85' lang='lat' dir='ltr'>oe.</span> 
     </span>
     <span class='ocr_line' id='line_1_28' title="bbox 121 3794 1086 3867; baseline -0.002 -17"><span class='ocrx_word' id='word_1_183' title='bbox 121 3794 290 3853; x_wconf 79' lang='lat' dir='ltr'>&#39;Veuitoa</span> <span class='ocrx_word' id='word_1_184' title='bbox 328 3797 463 3866; x_wconf 79' lang='lat' dir='ltr'>‘piace</span> <span class='ocrx_word' id='word_1_185' title='bbox 502 3796 734 3854; x_wconf 60' lang='grc' dir='ltr'>ὅ81000101.</span> <span class='ocrx_word' id='word_1_186' title='bbox 773 3795 1086 3867; x_wconf 75' lang='lat' dir='ltr'>‘posmmoeexcu</span> 
     </span>
    </p>
   </div>
   <div class='ocr_carea' id='block_1_7' title="bbox 0 0 1376 4456">
    <p class='ocr_par' dir='ltr' id='par_1_7' title="bbox 0 0 1376 4456">
     <span class='ocr_line' id='line_1_29' title="bbox 0 0 1376 4456; baseline 0 0"><span class='ocrx_word' id='word_1_187' title='bbox 0 0 1376 4456; x_wconf 95' lang='lat' dir='ltr'> </span> 
     </span>
    </p>
   </div>
  </div>
 </body>
</html>
