2744 4456
574 250 823 317 -246-

155 449 345 516 narratione
375 448 557 533 faciendum
580 457 635 532 est,
664 452 694 518 si
721 456 825 518 tamen
858 444 1032 536 indipeat¹,
1061 455 1099 518 ui
1127 471 1179 517 res
1209 450 1248 516 de

155 577 219 642 qua
249 559 357 644 apitur
386 559 572 641 innotescat,
604 565 639 627 nt
668 564 772 628 aedem
810 578 888 645 quae
925 557 1023 625 dubio
1051 564 1126 626 sumt
1162 567 1248 625 certo

155 664 248 750 fient,
272 666 464 734 doceaneutis
478 667 628 736 adhibitis
643 667 900 735 rauoumneum
920 672 974 736 esi.
1011 667 1049 734 Si
1062 687 1147 750 uero,
1171 660 1249 754 aui²

156 774 302 854 medient,
335 770 500 842 movendi³
529 784 603 843 sunt
626 778 744 864 potius,
774 797 869 862 mam
899 776 1049 858 docendi,
1080 783 1117 842 ut
1147 778 1182 842 iu
1213 798 1247 843 eo

157 884 242 970 quod
265 885 329 951 iam
354 886 457 950 sciunt
479 885 601 971 apendo
625 906 689 951 non
704 893 859 972 torpeant,
883 891 912 953 e
934 883 1037 968 rebus,
1060 904 1141 970 quas
1156 905 1273 951 ceras

156 1012 219 1059 esse
249 991 402 1076 fatentur,
433 987 623 1061 adsntsmu‘
652 994 892 1077 accommodent,
922 992 1098 1060 maioribus
1121 992 1249 1060 dicendi

155 1093 296 1167 oiribnm'
320 1122 399 1188 opus
422 1107 475 1185 est,
501 1095 574 1167 ubi⁶
605 1100 829 1168 obsonatores
852 1108 881 1170 et
903 1103 1142 1189 increpationes,
1175 1122 1248 1168 con·

157 1210 318 1277 citationes
347 1218 376 1276 u
404 1203 657 1278 coercitationes⁷
688 1219 717 1276 u
745 1231 942 1296 quaecuuque
968 1210 1038 1278 aiio
1064 1209 1172 1278 vdent
1204 1211 1249 1278 ad

156 1319 391 1385 commovendos
403 1322 526 1385 animos
540 1327 614 1385 suni
627 1321 813 1386 necessaria.
845 1317 888 1386 Ec
902 1318 978 1385 haec
989 1320 1115 1404 queen
1125 1327 1248 1402 cuncta,

156 1447 236 1514 quae
251 1428 331 1510 diei,
355 1448 461 1494 munes
475 1427 543 1512 fere
558 1426 696 1494 homines
711 1430 745 1493 in
761 1425 820 1509 iis,
844 1448 923 1512 quae
936 1419 1115 1514 loquendo⁸
1137 1434 1248 1512 apumi,

155 1527 262 1614 ¹satore
284 1557 349 1602 uon
372 1531 559 1622 manners
604 1535 688 1620 ,Sed
709 1557 779 1601 cmm
802 1534 861 1602 aiii
882 1535 1009 1618 faciant
1032 1529 1168 1618 obtuse⁹,
1193 1536 1248 1602 de·

155 1644 312 1729 formiter,
343 1645 474 1730 smpide,
506 1643 565 1710 olii
588 1650 685 1724 acute,
716 1653 836 1728 ornate,
867 1643 1066 1727 uehementer,
1090 1642 1182 1709 ilium
1205 1645 1249 1710 ad

156 1753 214 1820 hoc
237 1775 316 1839 opus
346 1755 429 1819 uude
451 1756 584 1838 opimus,
615 1756 679 1818 iam
693 1745 721 1786 ²⁰
743 1758 866 1840 oportet
888 1753 1041 1836 accedere,
1072 1754 1129 1839 oui.
1147 1758 1250 1839 potest

156 1862 321 1948 disputare
344 1850 391 1926 ael
406 1863 508 1928 dicere
523 1864 689 1949 sapienter,
714 1863 838 1927 etiamsi
859 1883 924 1927 uon
941 1869 1046 1947 potest
1062 1860 1249 1946 eloquenter,

157 1978 191 2036 ut
207 1972 315 2057 prosit
329 1970 528 2039 audientibus
543 1972 666 2039 etiamsi
677 1963 704 2002 ¹²
717 1973 822 2036 minus
838 1991 932 2056 quam
941 1969 1116 2056 prodesset,
1139 1972 1169 2036 si
1184 1963 1250 2037 et²²

158 2078 333 2164 eloquenter
350 2087 457 2164 posset
481 2080 591 2144 dicere.
641 2071 740 2160 Qui1¹
762 2099 834 2143 oero
866 2077 977 2163 affluit
999 2079 1162 2164 insipienti
1184 2076 1248 2143 elo·

159 2189 295 2272 quentia,
320 2193 407 2254 tanto
430 2190 532 2274 mopis
555 2189 711 2256 cauendus
734 2193 788 2270 est,
819 2192 936 2272 quomo
959 2187 1062 2273 mapis
1093 2185 1133 2251 ab
1156 2207 1192 2252 eo
1215 2187 1248 2250 in

161 2295 210 2361 hie
244 2316 322 2379 quae
356 2296 469 2362 audire
503 2296 614 2362 inutile
649 2305 692 2362 est
728 2293 899 2362 delectatur
933 2293 1079 2376 auditor,
1118 2299 1147 2358 et
1181 2313 1250 2358 eum

160 2424 248 2490 prtem
262 2396 288 2436 ²³
312 2405 425 2470 diserte
449 2406 550 2470 dicere
573 2399 710 2486 audii²⁴,
734 2406 827 2469 etium
850 2424 919 2469 uere
948 2401 1049 2467 dicere
1080 2401 1247 2468 existimat.

158 2511 247 2578 Haec
262 2521 364 2578 autem
386 2506 574 2580 sententia1⁵
597 2534 653 2578 nec
667 2513 740 2578 illos
754 2512 849 2597 fucit,
873 2512 928 2596 qui
943 2518 1044 2575 artem
1057 2508 1250 2576 rhetoricam

158 2621 329 2687 docendam
349 2628 526 2708 putaruni;
557 2622 641 2706 fossi
662 2629 736 2687 suut
759 2622 850 2703 enim,
882 2619 1071 2706 sapientiam
1093 2619 1160 2684 siue
1183 2618 1253 2704 elo·⁴

159 2731 284 2813 quentia
306 2751 422 2816 parum
446 2731 599 2817 prodesse
629 2729 816 2811 ciuitatibus,
847 2727 1052 2814 eloquentiam
1084 2728 1249 2793 cerasino

157 2840 315 2924 snpientia
345 2841 475 2905 nimium
507 2838 610 2905 obesse
633 2839 834 2925 pinumque,
870 2837 1021 2923 prodesse
1049 2832 1246 2920 nunquam.“

162 2948 360 3033 ,Sapientior
382 2957 485 3014 aretem
508 2949 585 3013 dicit
600 2948 690 3014 domo
707 2956 794 3013 tanto
810 2948 912 3032 mapis
927 2943 974 3011 vel
989 2946 1105 3025 minus,
1130 2953 1250 3030 quanto

252 3210 265 3240 ⁸
288 3200 361 3268 Aug.
382 3199 399 3253 l.
419 3214 441 3253 c.
461 3198 510 3267 IV,
529 3199 554 3254 5.

253 3380 429 3450 ¹indigesnt
448 3380 473 3434 S.
523 3378 598 3434 ¹sic
616 3380 688 3448 Aug.
723 3378 776 3445 Qui
801 3393 865 3432 vcro
890 3377 953 3432 aud.
980 3392 1021 3431 os.
1069 3374 1147 3430 ⁸sic
1165 3376 1251 3444 Aug„

162 3471 290 3528 monendi
309 3487 350 3526 on.
388 3472 462 3526 ‘om
476 3470 500 3525 S.
541 3468 666 3525 ⁵usibus
684 3485 723 3524 oc.
755 3467 824 3522 ‘ibi
837 3469 910 3537 Aug.
947 3464 1190 3522 'exercitationes
1210 3480 1251 3520 oe.

162 3561 343 3632 ⁸eloquend0
363 3565 435 3631 Aug.
476 3560 622 3617 ⁹0btnnse
644 3576 675 3615 oc
694 3561 740 3629 ph.
787 3558 810 3590 ¹⁰
829 3563 938 3628 oportet
958 3556 1047 3612 ncced.
1073 3556 1131 3612 inm
1150 3553 1251 3612 PP¹0e.

141 3691 145 3706 .
163 3651 185 3684 ¹¹
205 3652 244 3708 sic
257 3656 338 3723 Aug,
353 3669 384 3709 oe
396 3658 425 3708 et
438 3668 468 3707 oc
481 3652 613 3707 exhibent
625 3655 783 3719 sequentem
798 3664 863 3704 sene
876 3654 1034 3717 corruptam
1047 3645 1250 3702 recensionem:

163 3743 248 3799 etism
268 3743 408 3812 sapienter
428 3743 452 3798 si
465 3742 557 3796 minus
570 3757 653 3811 quern
667 3740 809 3810 prodesset
821 3740 980 3808 eloquenter
994 3779 999 3790 .
1015 3779 1020 3790 .
1055 3733 1077 3768 ¹¹
1096 3734 1162 3805 quin
1182 3736 1254 3794 M¹S.

163 3831 185 3865 ¹¹
204 3833 334 3902 quonism
348 3832 446 3903 MM¹S,
466 3833 539 3902 quod
557 3833 613 3888 inm
628 3829 693 3887 PP¹.
734 3829 755 3861 ¹⁴
774 3829 870 3885 nudiet
889 3829 946 3884 inm
965 3844 1004 3883 oc.
1038 3824 1060 3858 ¹⁵
1079 3826 1200 3883 scientie
1213 3845 1245 3884 oe
