2744 4456
550 183 830 302 ζμ)...

128 430 211 516 qne¹
245 431 361 504 intimo
397 431 504 498 cordis
539 431 772 515 reponendum.
829 430 958 498 Deinde
989 430 1217 498 benedictione

120 540 329 610 ,sacerdotali
343 540 509 618 munitur„
525 536 584 607 ut²
614 538 657 606 ad
681 558 811 606 sacrum
831 539 1036 622 baptismum
1055 558 1129 608 cum
1152 539 1217 607 tide

129 658 265 734 accepta
281 648 498 718 custodiatur.
538 643 727 732 Unguitur⁸
750 647 838 715 illius
861 654 942 714 tuuc
956 654 1073 731 pectus
1089 647 1131 716 de
1146 647 1217 744 oleo

131 756 335 846 sanctificato
360 776 432 825 cnm
455 756 665 824 invocatione
688 764 825 824 sauctae
848 751 1021 832 trinitatis,
1045 762 1085 824 nt
1108 757 1219 824 nullae
1302 795 1310 813 ·

44 869 49 878 '
129 867 286 950 reliquiae
306 864 475 933 'latentis‘
504 864 625 932 inimici
655 864 689 931 in
720 884 758 932 eo
789 863 968 946 resideant,
1001 864 1060 932 sed
1089 864 1123 931 in
1153 864 1220 932 fide

131 983 266 1044 sauctae
289 973 452 1041 trinitatis
483 993 575 1041 meus
608 973 677 1040 eius
709 970 944 1041 confortetur⁶.
992 972 1161 1058 ngoitur
1184 978 1220 1039 et
1294 1027 1300 1043 .

49 1147 58 1160 ,
130 1082 216 1151 inter
239 1083 392 1166 scapulas
415 1083 457 1149 de
481 1082 594 1150 eodem
622 1082 704 1159 oleo,
735 1087 775 1149 ut
806 1081 951 1163 undique
974 1081 1152 1159 muniatur,
1185 1087 1219 1148 et
1329 1149 1332 1155 ,

130 1191 173 1259 ad
193 1193 280 1260 bona
303 1210 404 1275 opera
426 1190 578 1258 iacienda
601 1210 661 1302 per
683 1190 736 1258 dei
759 1187 923 1275 gratiam⁶
945 1191 1129 1257 roboretur.

597 1405 675 1490 Cap.
702 1410 755 1493 28.
821 1491 823 1494 Α
880 1353 936 1486 ἱ,

131 1560 193 1628 nu
217 1557 461 1628 rmomoru
485 1559 711 1637 ammaon,
739 1558 798 1626 nr
822 1557 1052 1627 uncmonu
1077 1507 1233 1626 cernis
1282 1505 1288 1520 ⁶

601 1667 749 1734 meurs.
903 1700 905 1704 .
1290 1682 1296 1691 ·

98 1875 102 1882 .
150 1868 155 1876 -
223 1823 307 1891 Post
330 1823 412 1912 haec
442 1822 546 1907 igitur
554 1818 568 1857 ²·
598 1828 812 1889 consecratur
841 1821 915 1888 tons
923 1818 944 1898 ⁸,
978 1829 1014 1889 et
1043 1820 1086 1888 ad
1115 1821 1222 1904 ipsum
1333 1808 1338 1823 ’

131 1932 332 2018 bapfismnm
355 1927 588 1999 catecumenos
612 1930 750 2007 accedit,
775 1942 803 1999 et
825 1936 871 1999 sie
894 1936 928 1998 in
951 1934 1075 1998 nomine
1097 1939 1224 1998 cannae
1290 1943 1294 1954 ·

133 2046 288 2111 trininno
310 2045 398 2109 trino
412 2033 622 2109 submersione
641 2042 831 2128 baptizatur.
877 2041 923 2129 Et
943 2049 1022 2108 recte
1044 2041 1147 2123 nmo,
1171 2041 1225 2128 qni
1247 2114 1252 2123 ⁸

132 2153 177 2218 od
193 2154 362 2238 imoqirtem
376 2160 504 2218 sannae
520 2153 673 2219 trinitatis
689 2152 834 2217 conditae
850 2159 903 2234 est,
923 2173 984 2236 per
998 2152 1223 2217 invocationem

132 2269 258 2327 aancwe
282 2262 435 2326 trinitatis
467 2260 510 2325 od
543 2261 671 2327 eandem
703 2268 875 2326 renovatur
902 2261 1081 2344 imaginem,
1113 2267 1140 2324 et
1172 2260 1226 2344 qni

133 2371 222 2434 tertio
245 2368 352 2453 gradu
368 2371 500 2455 peccati,
524 2370 560 2434 id
584 2377 628 2436 eat
652 2366 874 2452 suggestione,
899 2365 1129 2443 delectatione,
1153 2390 1225 2434 eon·
1294 2364 1297 2370 ’

132 2470 245 2543 sensu⁹
261 2477 370 2542 cecidit
386 2480 420 2542 in
435 2487 575 2560 mortem,
600 2480 690 2543 tertio
706 2478 840 2542 elevatus
857 2477 895 2541 de
909 2476 998 2560 fonte
1015 2498 1072 2562 per
1086 2479 1225 2560 qratiam

133 2577 306 2677 resonent
321 2585 365 2651 oct
374 2588 499 2651 vitame
515 2583 644 2650 'Potest
661 2590 696 2650 et
710 2583 793 2650 haec
806 2582 894 2650 trina
906 2581 1025 2649 mersio
1042 2586 1227 2651 triduanam

134 2693 255 2758 domini
278 2691 494 2779 septettnromb
527 2689 752 2779 significoress,
779 2691 921 2759 maxime
952 2711 1024 2758 cum
1049 2689 1129 2758 dicit
1152 2710 1225 2774 apo·
1346 2682 1349 2687 ’

135 2798 275 2866 stolus⁶z
313 2805 496 2888 ,qnnnnque
530 2802 685 2888 baptizati
714 2823 822 2868 snmus
853 2806 888 2867 in
914 2803 1037 2870 Christo
1069 2802 1161 2886 Jesu,
1192 2805 1226 2868 in
1255 2806 1258 2814 “

228 2974 243 3003 ⁸
254 2961 355 3018 Alcuin
371 2977 433 3029 epp.
447 2960 502 3016 itt}
515 2960 552 3028 ΙΙ,
563 2961 624 3016 202.
645 2962 661 3002 b
674 2963 726 3030 Ap.
737 2962 821 3016 Leon.
836 2977 898 3030 pap.
913 2963 962 3015 ctr.
976 2960 1028 3017 int.
1039 2960 1151 3016 Alcuiui
1164 2976 1226 3031 epp.

134 3051 196 3109 HG.
216 3052 235 3108 L
255 3068 280 3133 c,
297 3051 333 3119 11,
353 3051 414 3106 213.
435 3068 476 3120 ep.
491 3051 574 3122 Greg,
594 3052 623 3106 n
636 3051 690 3107 ΜΘ
709 3067 771 3121 epp.
791 3051 811 3106 1.
832 3068 858 3121 p.
872 3052 916 3107 57.
956 3063 968 3093 0
991 3051 1071 3107 Rom.
1085 3050 1133 3118 VI,
1147 3051 1226 3107 3-5.

227 3176 237 3210 ¹
255 3194 404 3247 sensusque
425 3178 450 3233 S.
481 3165 555 3233 ’om
575 3177 592 3233 S
611 3194 678 3234 corr.
698 3177 747 3233 Μ’.
781 3176 792 3208 ⁸
813 3177 852 3234 sie
872 3177 908 3246 D,
926 3182 1070 3247 unguetur
1088 3175 1228 3232 nn¹Psv

135 3275 258 3341 ungetur
277 3285 316 3324 oa.
347 3268 498 3324 ‘latentes
519 3284 550 3324 oe
563 3284 619 3324 exc.
640 3269 665 3323 h.
705 3267 994 3333 'conserveturwd
1024 3265 1172 3338 ⁶gloriam
1188 3283 1227 3324 oo.

136 3357 147 3390 ¹
166 3377 209 3416 om
229 3360 260 3415 F.
293 3358 304 3391 ⁸
323 3361 386 3415 tous
406 3357 539 3428 baptismi
559 3359 666 3414 accedit
685 3359 895 3415 catechuminus
914 3365 942 3414 et
962 3357 1012 3413 sub
1031 3358 1171 3414 trinitatis
1189 3358 1229 3414 iu·

139 3451 283 3506 vocatione
296 3450 457 3520 baptizatur
471 3449 546 3504 triae
558 3450 586 3516 (t)
605 3447 655 3504 sub
675 3449 749 3504 trina
762 3451 905 3506 mersione.
935 3448 1022 3518 etqui
1036 3450 1120 3513 tertio
1138 3449 1229 3519 gradu

67 3540 72 3549 “
137 3540 243 3610 pocomi
263 3541 314 3596 hoo
333 3545 376 3595 est
395 3554 528 3594 consensu
547 3540 647 3595 cecidit
666 3540 695 3595 iu
709 3539 933 3625 mortem,·tertio
956 3541 1083 3596 elevatus
1099 3540 1132 3596 de
1151 3542 1229 3596 toute

136 3645 186 3698 per
205 3630 326 3700 gratim
347 3629 470 3699 resurgit
489 3629 524 3683 ad
544 3630 641 3685 vitam.
679 3630 829 3704 Postquam
849 3629 922 3687 enim
1037 3630 1067 3686 F.
1106 3629 1229 3701 ⁹sugg,

137 3719 234 3777 delect.
256 3720 347 3777 exhib.
361 3721 421 3775 DP¹
434 3732 474 3775 ‘oa
494 3737 545 3775 oni.
581 3719 602 3751 ¹⁰
621 3729 747 3790 resurget
767 3721 793 3776 h.
813 3728 943 3792 resurgat
961 3737 1002 3776 oa.
1035 3720 1056 3753 ¹¹
1076 3721 1150 3777 sicut
1172 3721 1228 3777 iem

137 3825 222 3880 supra
241 3811 362 3867 diximus
382 3810 441 3865 DV.
1144 3820 1149 3830 ·

191 3920 363 3972 Kuoeptler,
384 3921 442 3962 Καὶ).
459 3921 532 3962 Maur.
549 3920 578 3962 de
592 3921 665 3962 tnoflt
681 3920 758 3962 clerte.
1064 3921 1083 3975 4
