<?xml version="1.0" encoding="UTF-8"?>
<!DOCTYPE html PUBLIC "-//W3C//DTD XHTML 1.0 Transitional//EN"
    "http://www.w3.org/TR/xhtml1/DTD/xhtml1-transitional.dtd">
<html xmlns="http://www.w3.org/1999/xhtml" xml:lang="en" lang="en">
 <head>
  <title>
</title>
<meta http-equiv="Content-Type" content="text/html;charset=utf-8" />
  <meta name='ocr-system' content='tesseract 3.04.00' />
  <meta name='ocr-capabilities' content='ocr_page ocr_carea ocr_par ocr_line ocrx_word'/>
</head>
<body>
  <div class='ocr_page' id='page_1' title='image "./deinstitutionec00maurgoog_0043.png"; bbox 0 0 2744 4456; ppageno 0'>
   <div class='ocr_carea' id='block_1_1' title="bbox 575 286 834 351">
    <p class='ocr_par' dir='ltr' id='par_1_1' title="bbox 575 286 834 351">
     <span class='ocr_line' id='line_1_1' title="bbox 575 286 834 351; baseline 0 -18"><span class='ocrx_word' id='word_1_1' title='bbox 575 286 834 351; x_wconf 73' lang='lat'><strong>...4-‚</strong></span> 
     </span>
    </p>
   </div>
   <div class='ocr_carea' id='block_1_2' title="bbox 128 480 1225 693">
    <p class='ocr_par' dir='ltr' id='par_1_2' title="bbox 128 480 1225 693">
     <span class='ocr_line' id='line_1_2' title="bbox 129 480 1225 569; baseline 0.005 -21"><span class='ocrx_word' id='word_1_2' title='bbox 129 499 328 550; x_wconf 85' lang='lat' dir='ltr'><strong>conservare</strong></span> <span class='ocrx_word' id='word_1_3' title='bbox 358 480 551 567; x_wconf 76' lang='lat' dir='ltr'><strong>dignetur·</strong></span> <span class='ocrx_word' id='word_1_4' title='bbox 578 480 828 551; x_wconf 77' lang='lat' dir='ltr'><strong>Beedtudinem</strong></span> <span class='ocrx_word' id='word_1_5' title='bbox 857 488 951 553; x_wconf 82' lang='lat' dir='ltr'><strong>tuem</strong></span> <span class='ocrx_word' id='word_1_6' title='bbox 981 489 1060 568; x_wconf 86' lang='lat' dir='ltr'><strong>epte</strong></span> <span class='ocrx_word' id='word_1_7' title='bbox 1092 502 1225 569; x_wconf 84' lang='lat' dir='ltr'><strong>semper</strong></span> 
     </span>
     <span class='ocr_line' id='line_1_3' title="bbox 128 589 1223 693; baseline 0.005 -37"><span class='ocrx_word' id='word_1_8' title='bbox 128 590 213 657; x_wconf 89' lang='lat' dir='ltr'><strong>bene</strong></span> <span class='ocrx_word' id='word_1_9' title='bbox 236 590 350 658; x_wconf 83' lang='lat' dir='ltr'><strong>velere</strong></span> <span class='ocrx_word' id='word_1_10' title='bbox 372 589 407 657; x_wconf 94' lang='lat' dir='ltr'><strong>in</strong></span> <span class='ocrx_word' id='word_1_11' title='bbox 430 589 589 671; x_wconf 89' lang='lat' dir='ltr'><strong>omnibus,</strong></span> <span class='ocrx_word' id='word_1_12' title='bbox 623 596 739 659; x_wconf 78' lang='lat' dir='ltr'><strong>sancte</strong></span> <span class='ocrx_word' id='word_1_13' title='bbox 762 596 869 674; x_wconf 84' lang='lat' dir='ltr'><strong>peter,</strong></span> <span class='ocrx_word' id='word_1_14' title='bbox 900 610 1079 661; x_wconf 78' lang='lat' dir='ltr'><strong>memorem</strong></span> <span class='ocrx_word' id='word_1_15' title='bbox 1104 592 1223 693; x_wconf 82' lang='lat' dir='ltr'><strong>nestri.</strong></span> 
     </span>
    </p>
   </div>
   <div class='ocr_carea' id='block_1_3' title="bbox 36 786 1270 2291">
    <p class='ocr_par' dir='ltr' id='par_1_3' title="bbox 36 786 1270 2291">
     <span class='ocr_line' id='line_1_4' title="bbox 174 786 1069 872; baseline 0.004 -18"><span class='ocrx_word' id='word_1_16' title='bbox 174 786 269 856; x_wconf 80' lang='lat' dir='ltr'><strong>Haec</strong></span> <span class='ocrx_word' id='word_1_17' title='bbox 291 787 362 868; x_wconf 86' lang='lat' dir='ltr'><strong>tibi,</strong></span> <span class='ocrx_word' id='word_1_18' title='bbox 387 793 503 856; x_wconf 86' lang='lat' dir='ltr'><strong>sancte</strong></span> <span class='ocrx_word' id='word_1_19' title='bbox 526 793 641 872; x_wconf 60' lang='lat' dir='ltr'><strong>pecer„</strong></span> <span class='ocrx_word' id='word_1_20' title='bbox 657 788 780 857; x_wconf 83' lang='lat' dir='ltr'><strong>devote</strong></span> <span class='ocrx_word' id='word_1_21' title='bbox 803 806 941 857; x_wconf 83' lang='lat' dir='ltr'><strong>munere</strong></span> <span class='ocrx_word' id='word_1_22' title='bbox 963 789 1069 870; x_wconf 75' lang='lat' dir='ltr'><strong>medo,</strong></span> 
     </span>
     <span class='ocr_line' id='line_1_5' title="bbox 239 894 972 982; baseline 0 -18"><span class='ocrx_word' id='word_1_23' title='bbox 239 894 395 981; x_wconf 74' lang='lat' dir='ltr'><strong>Quae-tu</strong></span> <span class='ocrx_word' id='word_1_24' title='bbox 418 894 595 980; x_wconf 70' lang='lat' dir='ltr'><strong>dignanter</strong></span> <span class='ocrx_word' id='word_1_25' title='bbox 618 894 859 980; x_wconf 73' lang='lat' dir='ltr'><strong>qualiscunque</strong></span> <span class='ocrx_word' id='word_1_26' title='bbox 881 915 972 982; x_wconf 80' lang='lat' dir='ltr'><strong>cepe.</strong></span> 
     </span>
     <span class='ocr_line' id='line_1_6' title="bbox 174 1003 1171 1089; baseline 0.003 -17"><span class='ocrx_word' id='word_1_27' title='bbox 174 1004 226 1072; x_wconf 80' lang='lat' dir='ltr'><strong>Tu</strong></span> <span class='ocrx_word' id='word_1_28' title='bbox 249 1003 350 1073; x_wconf 88' lang='lat' dir='ltr'><strong>decus</strong></span> <span class='ocrx_word' id='word_1_29' title='bbox 373 1022 409 1071; x_wconf 89' lang='lat' dir='ltr'><strong>es</strong></span> <span class='ocrx_word' id='word_1_30' title='bbox 434 1008 594 1084; x_wconf 86' lang='lat' dir='ltr'><strong>nostrum,</strong></span> <span class='ocrx_word' id='word_1_31' title='bbox 619 1004 744 1085; x_wconf 87' lang='lat' dir='ltr'><strong>docter,</strong></span> <span class='ocrx_word' id='word_1_32' title='bbox 769 1023 983 1089; x_wconf 83' lang='lat' dir='ltr'><strong>summusque</strong></span> <span class='ocrx_word' id='word_1_33' title='bbox 1005 1006 1171 1088; x_wconf 73' lang='lat' dir='ltr'><strong>sacerdos,</strong></span> 
     </span>
     <span class='ocr_line' id='line_1_7' title="bbox 57 1111 1149 1198; baseline 0.002 -19"><span class='ocrx_word' id='word_1_34' title='bbox 57 1118 62 1128; x_wconf 96' lang='grc'><strong><em>’</em></strong></span> <span class='ocrx_word' id='word_1_35' title='bbox 239 1112 317 1180; x_wconf 84' lang='lat' dir='ltr'><strong>Dux</strong></span> <span class='ocrx_word' id='word_1_36' title='bbox 339 1129 435 1180; x_wconf 82' lang='lat' dir='ltr'><strong>secer</strong></span> <span class='ocrx_word' id='word_1_37' title='bbox 458 1116 494 1179; x_wconf 91' lang='lat' dir='ltr'><strong>et</strong></span> <span class='ocrx_word' id='word_1_38' title='bbox 515 1111 678 1196; x_wconf 80' lang='lat' dir='ltr'><strong>princeps,</strong></span> <span class='ocrx_word' id='word_1_39' title='bbox 701 1111 769 1193; x_wconf 84' lang='lat' dir='ltr'>lux,</span> <span class='ocrx_word' id='word_1_40' title='bbox 794 1112 860 1193; x_wconf 83' lang='lat' dir='ltr'><strong>vie,</strong></span> <span class='ocrx_word' id='word_1_41' title='bbox 884 1119 1010 1198; x_wconf 79' lang='lat' dir='ltr'><strong>paster,</strong></span> <span class='ocrx_word' id='word_1_42' title='bbox 1035 1114 1149 1183; x_wconf 87' lang='lat' dir='ltr'><strong>honor.</strong></span> 
     </span>
     <span class='ocr_line' id='line_1_8' title="bbox 174 1219 1188 1306; baseline 0.004 -19"><span class='ocrx_word' id='word_1_43' title='bbox 174 1219 261 1287; x_wconf 82' lang='lat' dir='ltr'><strong>Nem</strong></span> <span class='ocrx_word' id='word_1_44' title='bbox 284 1220 362 1304; x_wconf 82' lang='lat' dir='ltr'><strong>quie</strong></span> <span class='ocrx_word' id='word_1_45' title='bbox 386 1226 424 1287; x_wconf 89' lang='lat' dir='ltr'><strong>tu</strong></span> <span class='ocrx_word' id='word_1_46' title='bbox 447 1220 606 1304; x_wconf 86' lang='lat' dir='ltr'><strong>templum</strong></span> <span class='ocrx_word' id='word_1_47' title='bbox 630 1219 793 1290; x_wconf 77' lang='lat' dir='ltr'><strong>dedicasti</strong></span> <span class='ocrx_word' id='word_1_48' title='bbox 814 1221 974 1306; x_wconf 73' lang='lat' dir='ltr'><strong>martyris</strong></span> <span class='ocrx_word' id='word_1_49' title='bbox 996 1222 1084 1303; x_wconf 67' lang='lat' dir='ltr'><strong>elmi</strong></span> <span class='ocrx_word' id='word_1_50' title='bbox 1184 1257 1188 1265; x_wconf 94' lang='lat'>·</span> 
     </span>
     <span class='ocr_line' id='line_1_9' title="bbox 213 1329 1122 1420; baseline 0.003 -25"><span class='ocrx_word' id='word_1_51' title='bbox 213 1329 304 1420; x_wconf 56' lang='lat' dir='ltr'><strong>chr</strong></span> <span class='ocrx_word' id='word_1_52' title='bbox 327 1347 462 1398; x_wconf 83' lang='lat' dir='ltr'><strong>servum</strong></span> <span class='ocrx_word' id='word_1_53' title='bbox 485 1329 606 1396; x_wconf 86' lang='lat' dir='ltr'><strong>denum</strong></span> <span class='ocrx_word' id='word_1_54' title='bbox 629 1329 692 1398; x_wconf 89' lang='lat' dir='ltr'><strong>hcc</strong></span> <span class='ocrx_word' id='word_1_55' title='bbox 714 1335 846 1414; x_wconf 69' lang='lat' dir='ltr'><strong>martyr</strong></span> <span class='ocrx_word' id='word_1_56' title='bbox 869 1330 997 1415; x_wconf 85' lang='lat' dir='ltr'><strong>etipse</strong></span> <span class='ocrx_word' id='word_1_57' title='bbox 1020 1330 1122 1411; x_wconf 85' lang='lat' dir='ltr'><strong>dedit,</strong></span> 
     </span>
     <span class='ocr_line' id='line_1_10' title="bbox 174 1428 1239 1523; baseline 0.004 -19"><span class='ocrx_word' id='word_1_58' title='bbox 174 1436 261 1504; x_wconf 85' lang='lat' dir='ltr'><strong>Nem</strong></span> <span class='ocrx_word' id='word_1_59' title='bbox 285 1442 339 1505; x_wconf 88' lang='lat' dir='ltr'><strong>est</strong></span> <span class='ocrx_word' id='word_1_60' title='bbox 360 1455 466 1505; x_wconf 89' lang='lat' dir='ltr'><strong>nonus</strong></span> <span class='ocrx_word' id='word_1_61' title='bbox 491 1441 527 1505; x_wconf 91' lang='lat' dir='ltr'><strong>et</strong></span> <span class='ocrx_word' id='word_1_62' title='bbox 548 1436 694 1505; x_wconf 88' lang='lat' dir='ltr'><strong>decimus</strong></span> <span class='ocrx_word' id='word_1_63' title='bbox 719 1437 1015 1523; x_wconf 67' lang='lat' dir='ltr'><strong>octingentesimus</strong></span> <span class='ocrx_word' id='word_1_64' title='bbox 1035 1457 1152 1521; x_wconf 80' lang='lat' dir='ltr'><strong>annus,</strong></span> <span class='ocrx_word' id='word_1_65' title='bbox 1236 1428 1239 1433; x_wconf 69' lang='grc'>’</span> 
     </span>
     <span class='ocr_line' id='line_1_11' title="bbox 238 1544 1043 1631; baseline 0.004 -19"><span class='ocrx_word' id='word_1_66' title='bbox 238 1544 292 1612; x_wconf 81' lang='lat' dir='ltr'><strong>Ex</strong></span> <span class='ocrx_word' id='word_1_67' title='bbox 316 1564 380 1628; x_wconf 83' lang='lat' dir='ltr'><strong>que</strong></span> <span class='ocrx_word' id='word_1_68' title='bbox 404 1546 554 1614; x_wconf 76' lang='lat' dir='ltr'><strong>salvator</strong></span> <span class='ocrx_word' id='word_1_69' title='bbox 576 1545 728 1614; x_wconf 84' lang='lat' dir='ltr'><strong>venitin</strong></span> <span class='ocrx_word' id='word_1_70' title='bbox 751 1565 836 1617; x_wconf 82' lang='lat' dir='ltr'><strong>erre</strong></span> <span class='ocrx_word' id='word_1_71' title='bbox 858 1545 942 1631; x_wconf 88' lang='lat' dir='ltr'><strong>pius.</strong></span> <span class='ocrx_word' id='word_1_72' title='bbox 1041 1598 1043 1602; x_wconf 82' lang='lat'>-</span> 
     </span>
     <span class='ocr_line' id='line_1_12' title="bbox 36 1652 1016 1744; baseline 0.002 -23"><span class='ocrx_word' id='word_1_73' title='bbox 36 1736 41 1744; x_wconf 26' lang='grc' dir='ltr'>Ι</span> <span class='ocrx_word' id='word_1_74' title='bbox 175 1652 239 1739; x_wconf 78' lang='lat' dir='ltr'><strong>Qui</strong></span> <span class='ocrx_word' id='word_1_75' title='bbox 261 1660 297 1722; x_wconf 89' lang='lat' dir='ltr'><strong>te</strong></span> <span class='ocrx_word' id='word_1_76' title='bbox 320 1653 505 1738; x_wconf 79' lang='lat' dir='ltr'><strong>perfectum</strong></span> <span class='ocrx_word' id='word_1_77' title='bbox 528 1654 657 1723; x_wconf 70' lang='lat' dir='ltr'><strong>tntuct</strong></span> <span class='ocrx_word' id='word_1_78' title='bbox 679 1652 848 1738; x_wconf 76' lang='lat' dir='ltr'><strong>facietque</strong></span> <span class='ocrx_word' id='word_1_79' title='bbox 871 1655 1016 1737; x_wconf 79' lang='lat' dir='ltr'><strong>beccum,</strong></span> 
     </span>
     <span class='ocr_line' id='line_1_13' title="bbox 238 1761 943 1850; baseline -0.001 -20"><span class='ocrx_word' id='word_1_80' title='bbox 238 1761 373 1830; x_wconf 79' lang='lat' dir='ltr'><strong>inseret</strong></span> <span class='ocrx_word' id='word_1_81' title='bbox 397 1768 432 1831; x_wconf 88' lang='lat' dir='ltr'><strong>et</strong></span> <span class='ocrx_word' id='word_1_82' title='bbox 453 1762 580 1830; x_wconf 82' lang='lat' dir='ltr'><strong>laetum</strong></span> <span class='ocrx_word' id='word_1_83' title='bbox 603 1761 753 1830; x_wconf 86' lang='lat' dir='ltr'><strong>coetibus</strong></span> <span class='ocrx_word' id='word_1_84' title='bbox 776 1762 943 1850; x_wconf 72' lang='lat' dir='ltr'><strong>angelicis.</strong></span> 
     </span>
     <span class='ocr_line' id='line_1_14' title="bbox 39 1867 1270 1971; baseline 0.002 -33"><span class='ocrx_word' id='word_1_85' title='bbox 39 1958 42 1964; x_wconf 22' lang='lat'>¹</span> <span class='ocrx_word' id='word_1_86' title='bbox 175 1872 290 1939; x_wconf 82' lang='lat' dir='ltr'><strong>Abbes</strong></span> <span class='ocrx_word' id='word_1_87' title='bbox 314 1889 456 1953; x_wconf 81' lang='lat' dir='ltr'><strong>namque</strong></span> <span class='ocrx_word' id='word_1_88' title='bbox 478 1890 571 1939; x_wconf 87' lang='lat' dir='ltr'><strong>meus</strong></span> <span class='ocrx_word' id='word_1_89' title='bbox 595 1876 776 1954; x_wconf 84' lang='lat' dir='ltr'><strong>vesterque</strong></span> <span class='ocrx_word' id='word_1_90' title='bbox 799 1869 909 1971; x_wconf 84' lang='lat' dir='ltr'><strong>fidelis</strong></span> <span class='ocrx_word' id='word_1_91' title='bbox 930 1871 1056 1940; x_wconf 76' lang='lat' dir='ltr'><strong>amicus</strong></span> <span class='ocrx_word' id='word_1_92' title='bbox 1100 1929 1103 1935; x_wconf 95' lang='grc'><em>.</em></span> <span class='ocrx_word' id='word_1_93' title='bbox 1260 1867 1270 1890; x_wconf 82' lang='lat'>&#39;</span> 
     </span>
     <span class='ocr_line' id='line_1_15' title="bbox 241 1967 1195 2073; baseline 0.001 -26"><span class='ocrx_word' id='word_1_94' title='bbox 241 1976 360 2064; x_wconf 77' lang='lat' dir='ltr'><strong>Aegil¹</strong></span> <span class='ocrx_word' id='word_1_95' title='bbox 382 1979 465 2047; x_wconf 83' lang='lat' dir='ltr'><strong>hcec</strong></span> <span class='ocrx_word' id='word_1_96' title='bbox 487 1979 595 2073; x_wconf 81' lang='lat' dir='ltr'><strong>voluit</strong></span> <span class='ocrx_word' id='word_1_97' title='bbox 617 1967 757 2048; x_wconf 83' lang='lat' dir='ltr'><strong>reddere</strong></span> <span class='ocrx_word' id='word_1_98' title='bbox 780 1975 867 2047; x_wconf 80' lang='lat' dir='ltr'><strong>dene</strong></span> <span class='ocrx_word' id='word_1_99' title='bbox 890 1978 952 2048; x_wconf 91' lang='lat' dir='ltr'><strong>tibi</strong></span> <span class='ocrx_word' id='word_1_100' title='bbox 1192 1974 1195 1978; x_wconf 69' lang='grc'>’</span> 
     </span>
     <span class='ocr_line' id='line_1_16' title="bbox 175 2086 1220 2172; baseline 0.002 -17"><span class='ocrx_word' id='word_1_101' title='bbox 175 2087 218 2155; x_wconf 84' lang='lat' dir='ltr'><strong>Se</strong></span> <span class='ocrx_word' id='word_1_102' title='bbox 237 2092 345 2155; x_wconf 85' lang='lat' dir='ltr'><strong>totum</strong></span> <span class='ocrx_word' id='word_1_103' title='bbox 369 2091 472 2170; x_wconf 85' lang='lat' dir='ltr'><strong>etque</strong></span> <span class='ocrx_word' id='word_1_104' title='bbox 497 2086 608 2168; x_wconf 81' lang='lat' dir='ltr'><strong>offert,</strong></span> <span class='ocrx_word' id='word_1_105' title='bbox 636 2106 764 2171; x_wconf 82' lang='lat' dir='ltr'><strong>sueque</strong></span> <span class='ocrx_word' id='word_1_106' title='bbox 782 2088 892 2155; x_wconf 77' lang='lat' dir='ltr'><strong>omnis</strong></span> <span class='ocrx_word' id='word_1_107' title='bbox 909 2092 1028 2172; x_wconf 80' lang='lat' dir='ltr'><strong>sponte</strong></span> <span class='ocrx_word' id='word_1_108' title='bbox 1042 2087 1220 2171; x_wconf 75' lang='lat' dir='ltr'><strong>ministret,</strong></span> 
     </span>
     <span class='ocr_line' id='line_1_17' title="bbox 239 2192 1149 2291; baseline 0.001 -27"><span class='ocrx_word' id='word_1_109' title='bbox 239 2193 345 2281; x_wconf 78' lang='lat' dir='ltr'><strong>Quem</strong></span> <span class='ocrx_word' id='word_1_110' title='bbox 368 2201 479 2291; x_wconf 85' lang='lat' dir='ltr'><strong>tecum</strong></span> <span class='ocrx_word' id='word_1_111' title='bbox 502 2214 650 2265; x_wconf 83' lang='lat' dir='ltr'><strong>summus</strong></span> <span class='ocrx_word' id='word_1_112' title='bbox 673 2196 784 2264; x_wconf 81' lang='lat' dir='ltr'><strong>salvet</strong></span> <span class='ocrx_word' id='word_1_113' title='bbox 806 2196 841 2264; x_wconf 90' lang='lat' dir='ltr'><strong>in</strong></span> <span class='ocrx_word' id='word_1_114' title='bbox 865 2214 943 2264; x_wconf 83' lang='lat' dir='ltr'><strong>erce</strong></span> <span class='ocrx_word' id='word_1_115' title='bbox 965 2192 1078 2265; x_wconf 81' lang='lat' dir='ltr'><strong>deus².</strong></span> <span class='ocrx_word' id='word_1_116' title='bbox 1103 2232 1149 2245; x_wconf 89' lang='lat'><em>—</em></span> 
     </span>
    </p>
   </div>
   <div class='ocr_carea' id='block_1_4' title="bbox 77 2352 1094 2570">
    <p class='ocr_par' dir='ltr' id='par_1_4' title="bbox 77 2352 1094 2570">
     <span class='ocr_line' id='line_1_18' title="bbox 77 2352 1094 2443; baseline 0.001 -1"><span class='ocrx_word' id='word_1_117' title='bbox 77 2363 84 2379; x_wconf 83' lang='lat'><em>&#39;</em></span> <span class='ocrx_word' id='word_1_118' title='bbox 199 2400 204 2408; x_wconf 94' lang='lat'>-</span> <span class='ocrx_word' id='word_1_119' title='bbox 253 2352 497 2443; x_wconf 74' lang='lat' dir='ltr'><strong>recemum</strong></span> <span class='ocrx_word' id='word_1_120' title='bbox 520 2374 585 2442; x_wconf 76' lang='lat' dir='ltr'><strong>m&gt;</strong></span> <span class='ocrx_word' id='word_1_121' title='bbox 609 2374 818 2443; x_wconf 69' lang='lat' dir='ltr'><strong>mermes</strong></span> <span class='ocrx_word' id='word_1_122' title='bbox 840 2374 1094 2443; x_wconf 71' lang='lat' dir='ltr'><strong>rmmmsrs</strong></span> 
     </span>
     <span class='ocr_line' id='line_1_19' title="bbox 391 2498 830 2570; baseline -0.002 -1"><span class='ocrx_word' id='word_1_123' title='bbox 391 2516 395 2525; x_wconf 93' lang='lat'><em>·</em></span> <span class='ocrx_word' id='word_1_124' title='bbox 520 2498 830 2570; x_wconf 63' lang='lat' dir='ltr'><strong>moresrmeme</strong></span> 
     </span>
    </p>
   </div>
   <div class='ocr_carea' id='block_1_5' title="bbox 170 2662 1178 3502">
    <p class='ocr_par' dir='ltr' id='par_1_5' title="bbox 176 2662 1007 2857">
     <span class='ocr_line' id='line_1_20' title="bbox 176 2662 1007 2749; baseline -0.002 -18"><span class='ocrx_word' id='word_1_125' title='bbox 176 2663 309 2732; x_wconf 79' lang='lat' dir='ltr'><strong>Gemite</strong></span> <span class='ocrx_word' id='word_1_126' title='bbox 333 2665 412 2747; x_wconf 85' lang='lat' dir='ltr'><strong>quid</strong></span> <span class='ocrx_word' id='word_1_127' title='bbox 434 2662 544 2744; x_wconf 68' lang='lat' dir='ltr'><strong>velit,⁴</strong></span> <span class='ocrx_word' id='word_1_128' title='bbox 565 2663 699 2744; x_wconf 79' lang='lat' dir='ltr'><strong>fratres,</strong></span> <span class='ocrx_word' id='word_1_129' title='bbox 725 2662 893 2732; x_wconf 84' lang='lat' dir='ltr'><strong>sententie</strong></span> <span class='ocrx_word' id='word_1_130' title='bbox 915 2663 1007 2749; x_wconf 83' lang='lat' dir='ltr'><strong>legis,</strong></span> 
     </span>
     <span class='ocr_line' id='line_1_21' title="bbox 241 2770 956 2857; baseline -0.004 -17"><span class='ocrx_word' id='word_1_131' title='bbox 241 2772 334 2857; x_wconf 82' lang='lat' dir='ltr'><strong>Quae</strong></span> <span class='ocrx_word' id='word_1_132' title='bbox 357 2773 494 2840; x_wconf 80' lang='lat' dir='ltr'><strong>mandat</strong></span> <span class='ocrx_word' id='word_1_133' title='bbox 517 2772 583 2840; x_wconf 89' lang='lat' dir='ltr'><strong>rite</strong></span> <span class='ocrx_word' id='word_1_134' title='bbox 605 2790 742 2840; x_wconf 85' lang='lat' dir='ltr'><strong>noscere</strong></span> <span class='ocrx_word' id='word_1_135' title='bbox 765 2773 870 2840; x_wconf 81' lang='lat' dir='ltr'><strong>verbe</strong></span> <span class='ocrx_word' id='word_1_136' title='bbox 894 2770 956 2838; x_wconf 88' lang='lat' dir='ltr'><strong>dei.</strong></span> 
     </span>
    </p>

    <p class='ocr_par' dir='ltr' id='par_1_6' title="bbox 176 2877 1159 3073">
     <span class='ocr_line' id='line_1_22' title="bbox 176 2877 1159 2965; baseline 0.002 -18"><span class='ocrx_word' id='word_1_137' title='bbox 176 2878 240 2965; x_wconf 80' lang='lat' dir='ltr'><strong>Qui</strong></span> <span class='ocrx_word' id='word_1_138' title='bbox 263 2881 366 2948; x_wconf 80' lang='lat' dir='ltr'><strong>hebet</strong></span> <span class='ocrx_word' id='word_1_139' title='bbox 389 2899 467 2965; x_wconf 81' lang='lat' dir='ltr'><strong>ergo</strong></span> <span class='ocrx_word' id='word_1_140' title='bbox 491 2877 619 2960; x_wconf 75' lang='lat' dir='ltr'><strong>eures⁶,</strong></span> <span class='ocrx_word' id='word_1_141' title='bbox 645 2880 698 2947; x_wconf 90' lang='lat' dir='ltr'><strong>hic</strong></span> <span class='ocrx_word' id='word_1_142' title='bbox 722 2879 846 2959; x_wconf 81' lang='lat' dir='ltr'><strong>audiat,</strong></span> <span class='ocrx_word' id='word_1_143' title='bbox 871 2878 987 2964; x_wconf 89' lang='lat' dir='ltr'><strong>inquit,</strong></span> <span class='ocrx_word' id='word_1_144' title='bbox 1012 2886 1159 2964; x_wconf 81' lang='lat' dir='ltr'><strong>apertas,</strong></span> 
     </span>
     <span class='ocr_line' id='line_1_23' title="bbox 240 2987 940 3073; baseline -0.001 -17"><span class='ocrx_word' id='word_1_145' title='bbox 240 2988 326 3073; x_wconf 83' lang='lat' dir='ltr'><strong>Quid</strong></span> <span class='ocrx_word' id='word_1_146' title='bbox 349 2989 439 3056; x_wconf 82' lang='lat' dir='ltr'><strong>dicat</strong></span> <span class='ocrx_word' id='word_1_147' title='bbox 462 2994 598 3056; x_wconf 78' lang='lat' dir='ltr'><strong>sanctus</strong></span> <span class='ocrx_word' id='word_1_148' title='bbox 623 2988 760 3071; x_wconf 85' lang='lat' dir='ltr'><strong>spiritus</strong></span> <span class='ocrx_word' id='word_1_149' title='bbox 786 2987 940 3056; x_wconf 87' lang='lat' dir='ltr'><strong>ecclesiis.</strong></span> 
     </span>
    </p>

    <p class='ocr_par' dir='ltr' id='par_1_7' title="bbox 170 3096 1107 3295">
     <span class='ocr_line' id='line_1_24' title="bbox 170 3096 1107 3181; baseline 0.003 -17"><span class='ocrx_word' id='word_1_150' title='bbox 170 3096 238 3164; x_wconf 83' lang='lat' dir='ltr'><strong>-Cui</strong></span> <span class='ocrx_word' id='word_1_151' title='bbox 260 3096 439 3164; x_wconf 82' lang='lat' dir='ltr'><strong>Pselmista</strong></span> <span class='ocrx_word' id='word_1_152' title='bbox 462 3096 535 3180; x_wconf 83' lang='lat' dir='ltr'><strong>peri</strong></span> <span class='ocrx_word' id='word_1_153' title='bbox 558 3097 736 3164; x_wconf 81' lang='lat' dir='ltr'><strong>concordet</strong></span> <span class='ocrx_word' id='word_1_154' title='bbox 759 3103 953 3181; x_wconf 80' lang='lat' dir='ltr'><strong>grammate,</strong></span> <span class='ocrx_word' id='word_1_155' title='bbox 979 3097 1107 3181; x_wconf 89' lang='lat' dir='ltr'><strong>plebem</strong></span> 
     </span>
     <span class='ocr_line' id='line_1_25' title="bbox 238 3198 948 3295; baseline -0.001 -23"><span class='ocrx_word' id='word_1_156' title='bbox 238 3205 278 3272; x_wconf 88' lang='lat' dir='ltr'><strong>In</strong></span> <span class='ocrx_word' id='word_1_157' title='bbox 301 3205 407 3290; x_wconf 83' lang='lat' dir='ltr'><strong>legem</strong></span> <span class='ocrx_word' id='word_1_158' title='bbox 431 3198 555 3272; x_wconf 88' lang='lat' dir='ltr'><strong>domini</strong></span> <span class='ocrx_word' id='word_1_159' title='bbox 575 3223 710 3295; x_wconf 85' lang='lat' dir='ltr'><strong>cernere</strong></span> <span class='ocrx_word' id='word_1_160' title='bbox 734 3205 799 3272; x_wconf 86' lang='lat' dir='ltr'><strong>rite</strong></span> <span class='ocrx_word' id='word_1_161' title='bbox 822 3205 948 3272; x_wconf 89' lang='lat' dir='ltr'><strong>iubens.</strong></span> 
     </span>
    </p>

    <p class='ocr_par' dir='ltr' id='par_1_8' title="bbox 175 3311 1178 3502">
     <span class='ocr_line' id='line_1_26' title="bbox 175 3311 1178 3397; baseline 0 -16"><span class='ocrx_word' id='word_1_162' title='bbox 175 3312 228 3381; x_wconf 84' lang='lat' dir='ltr'><strong>Sic</strong></span> <span class='ocrx_word' id='word_1_163' title='bbox 252 3333 381 3397; x_wconf 85' lang='lat' dir='ltr'><strong>queque</strong></span> <span class='ocrx_word' id='word_1_164' title='bbox 403 3333 463 3381; x_wconf 88' lang='lat' dir='ltr'><strong>nos</strong></span> <span class='ocrx_word' id='word_1_165' title='bbox 487 3332 617 3396; x_wconf 87' lang='lat' dir='ltr'><strong>semper</strong></span> <span class='ocrx_word' id='word_1_166' title='bbox 640 3311 742 3380; x_wconf 88' lang='lat' dir='ltr'><strong>oculis</strong></span> <span class='ocrx_word' id='word_1_167' title='bbox 767 3318 868 3395; x_wconf 84' lang='lat' dir='ltr'><strong>etque</strong></span> <span class='ocrx_word' id='word_1_168' title='bbox 891 3312 1026 3381; x_wconf 83' lang='lat' dir='ltr'><strong>auribus</strong></span> <span class='ocrx_word' id='word_1_169' title='bbox 1052 3313 1178 3381; x_wconf 82' lang='lat' dir='ltr'><strong>estias</strong></span> 
     </span>
     <span class='ocr_line' id='line_1_27' title="bbox 239 3420 917 3502; baseline -0.003 -14"><span class='ocrx_word' id='word_1_170' title='bbox 239 3422 393 3502; x_wconf 71' lang='lat' dir='ltr'><strong>intentis</strong></span> <span class='ocrx_word' id='word_1_171' title='bbox 418 3421 551 3501; x_wconf 80' lang='lat' dir='ltr'><strong>iratres,</strong></span> <span class='ocrx_word' id='word_1_172' title='bbox 578 3421 704 3489; x_wconf 79' lang='lat' dir='ltr'><strong>discere</strong></span> <span class='ocrx_word' id='word_1_173' title='bbox 727 3422 832 3490; x_wconf 80' lang='lat' dir='ltr'><strong>verbe</strong></span> <span class='ocrx_word' id='word_1_174' title='bbox 856 3420 917 3487; x_wconf 89' lang='lat' dir='ltr'><strong>dei.</strong></span> 
     </span>
    </p>
   </div>
   <div class='ocr_carea' id='block_1_6' title="bbox 130 3670 1279 3922">
    <p class='ocr_par' dir='ltr' id='par_1_9' title="bbox 130 3670 1279 3922">
     <span class='ocr_line' id='line_1_28' title="bbox 223 3670 1220 3728; baseline -0.001 0"><span class='ocrx_word' id='word_1_175' title='bbox 223 3673 336 3728; x_wconf 81' lang='lat' dir='ltr'><strong>¹ebbes</strong></span> <span class='ocrx_word' id='word_1_176' title='bbox 355 3670 491 3728; x_wconf 75' lang='lat' dir='ltr'><strong>fuldensis</strong></span> <span class='ocrx_word' id='word_1_177' title='bbox 510 3672 674 3728; x_wconf 78' lang='lat'>818-822.</span> <span class='ocrx_word' id='word_1_178' title='bbox 715 3670 809 3728; x_wconf 71' lang='grc' dir='ltr'><strong>ῬΡι</strong></span> <span class='ocrx_word' id='word_1_179' title='bbox 834 3672 986 3728; x_wconf 75' lang='lat' dir='ltr'><strong>t01.130·.</strong></span> <span class='ocrx_word' id='word_1_180' title='bbox 1020 3672 1056 3728; x_wconf 72' lang='lat' dir='ltr'><strong>ii</strong></span> <span class='ocrx_word' id='word_1_181' title='bbox 1084 3671 1116 3727; x_wconf 81' lang='lat' dir='ltr'><strong>G.</strong></span> <span class='ocrx_word' id='word_1_182' title='bbox 1143 3671 1220 3728; x_wconf 84' lang='lat' dir='ltr'><strong>Pcet.</strong></span> 
     </span>
     <span class='ocr_line' id='line_1_29' title="bbox 131 3762 1221 3833; baseline -0.002 -14"><span class='ocrx_word' id='word_1_183' title='bbox 131 3765 179 3819; x_wconf 86' lang='lat' dir='ltr'><strong>iet.</strong></span> <span class='ocrx_word' id='word_1_184' title='bbox 201 3763 238 3832; x_wconf 88' lang='lat' dir='ltr'><strong>H,</strong></span> <span class='ocrx_word' id='word_1_185' title='bbox 259 3764 338 3819; x_wconf 64' lang='lat'><strong>163:</strong></span> <span class='ocrx_word' id='word_1_186' title='bbox 369 3762 438 3819; x_wconf 70' lang='lat' dir='ltr'><strong>&#39;sic</strong></span> <span class='ocrx_word' id='word_1_187' title='bbox 463 3762 534 3818; x_wconf 74' lang='grc' dir='ltr'><strong>ΜΡ1</strong></span> <span class='ocrx_word' id='word_1_188' title='bbox 560 3764 596 3819; x_wconf 87' lang='lat' dir='ltr'><strong>ed</strong></span> <span class='ocrx_word' id='word_1_189' title='bbox 622 3765 724 3820; x_wconf 78' lang='lat' dir='ltr'><strong>tratres</strong></span> <span class='ocrx_word' id='word_1_190' title='bbox 748 3764 898 3820; x_wconf 81' lang='lat' dir='ltr'><strong>Fuldenses</strong></span> <span class='ocrx_word' id='word_1_191' title='bbox 924 3763 1096 3833; x_wconf 74' lang='lat' dir='ltr'><strong>epigramma</strong></span> <span class='ocrx_word' id='word_1_192' title='bbox 1121 3765 1221 3818; x_wconf 77' lang='lat' dir='ltr'><strong>sectr.</strong></span> 
     </span>
     <span class='ocr_line' id='line_1_30' title="bbox 130 3851 1279 3922; baseline 0 -13"><span class='ocrx_word' id='word_1_193' title='bbox 130 3853 166 3909; x_wconf 78' lang='lat' dir='ltr'><strong>M.</strong></span> <span class='ocrx_word' id='word_1_194' title='bbox 188 3853 222 3919; x_wconf 68' lang='lat' dir='ltr'><strong>G„</strong></span> <span class='ocrx_word' id='word_1_195' title='bbox 243 3853 320 3908; x_wconf 89' lang='lat' dir='ltr'><strong>Pcet.</strong></span> <span class='ocrx_word' id='word_1_196' title='bbox 341 3852 389 3920; x_wconf 72' lang='lat' dir='ltr'><strong>let.</strong></span> <span class='ocrx_word' id='word_1_197' title='bbox 414 3851 451 3919; x_wconf 88' lang='lat' dir='ltr'><strong>H,</strong></span> <span class='ocrx_word' id='word_1_198' title='bbox 472 3852 532 3907; x_wconf 84' lang='lat'>163.</span> <span class='ocrx_word' id='word_1_199' title='bbox 571 3852 698 3909; x_wconf 78' lang='lat' dir='ltr'><strong>‘veluit</strong></span> <span class='ocrx_word' id='word_1_200' title='bbox 717 3870 756 3910; x_wconf 88' lang='lat' dir='ltr'><strong>ce.</strong></span> <span class='ocrx_word' id='word_1_201' title='bbox 795 3853 912 3909; x_wconf 79' lang='lat' dir='ltr'><strong>⁶Aures</strong></span> <span class='ocrx_word' id='word_1_202' title='bbox 931 3853 1054 3922; x_wconf 83' lang='lat' dir='ltr'><strong>quisquis</strong></span> <span class='ocrx_word' id='word_1_203' title='bbox 1078 3852 1162 3909; x_wconf 77' lang='lat' dir='ltr'><strong>hebet</strong></span> <span class='ocrx_word' id='word_1_204' title='bbox 1180 3869 1219 3909; x_wconf 89' lang='lat' dir='ltr'><strong>oe.</strong></span> <span class='ocrx_word' id='word_1_205' title='bbox 1277 3903 1279 3909; x_wconf 26' lang='lat'><strong>⁴</strong></span> 
     </span>
    </p>
   </div>
   <div class='ocr_carea' id='block_1_7' title="bbox 0 0 1382 4456">
    <p class='ocr_par' dir='ltr' id='par_1_10' title="bbox 0 0 1382 4456">
     <span class='ocr_line' id='line_1_31' title="bbox 0 0 1382 4456; baseline 0 0"><span class='ocrx_word' id='word_1_206' title='bbox 0 0 1382 4456; x_wconf 95' lang='lat' dir='ltr'><strong> </strong></span> 
     </span>
    </p>
   </div>
  </div>
 </body>
</html>
