2744 4456
416 350 420 356 .
541 263 790 328 -111-

65 468 67 473 ’
125 440 321 517 meruleta,
353 440 439 522 quod
467 439 601 508 miseria
623 436 808 507 humanae¹
830 438 1033 507 infirmitatis
1053 458 1114 531 'cor
1142 439 1214 508 sive

125 549 268 618 animum
295 549 416 634 pulset.
464 546 529 617 Sed
555 549 642 617 'haec
670 548 760 635 apud
790 547 948 626 homines,
980 547 1099 632 quibus
1131 546 1217 616 varii
1261 563 1294 606 τ

125 657 232 754 auimo
279 657 433 726 accidunt
471 655 626 735 affectum
675 662 823 724 ceterum
869 656 957 740 apud
1002 656 1116 738 deum,
1152 656 1236 741 qui·

126 766 304 834 secundum
334 772 489 834 naturam
510 757 650 851 ⁴semper
679 773 732 834 est
761 764 923 850 benignus
954 769 990 834 et
1019 765 1215 847 misericors,

126 894 189 942 non
213 880 266 943 est
281 874 505 943 huiuscemodi
520 874 684 943 credenda
701 869 795 944 esse'
810 871 950 942 affectio.
991 873 1108 957 Neque
1129 873 1216 942 enim

126 983 353 1067 temporaliter
380 983 447 1050 illic
475 983 599 1067 aliquid
628 983 779 1051 accidere
807 982 909 1062 vaiet,
944 981 1000 1050 ubi
1030 981 1216 1050 aeternitas

127 1091 195 1159 sine
218 1092 287 1160 ulla
302 1091 353 1158 sui
369 1092 554 1160 mutatione
568 1091 635 1159 fixa
650 1099 780 1172 manet;
806 1090 866 1159 sed
886 1109 961 1159 cum
975 1090 1098 1160 dicitur
1121 1086 1216 1160 esse³

126 1200 319 1277 misericors,
349 1199 499 1286 intellegi
528 1199 629 1268 debet
659 1219 746 1294 esse,
762 1200 837 1284 pius
868 1206 904 1267 et
933 1199 1092 1281 clemeus;
1128 1218 1238 1284 quae·

126 1309 229 1394 magis
252 1309 385 1376 nomina
399 1309 637 1394 proprietatem
655 1308 760 1392 ipsius
775 1314 918 1381 naturae
932 1308 1091 1377 videntur
1104 1314 1214 1377 osten·
1296 1343 1298 1351 ,
1326 1311 1329 1320 '

126 1417 213 1486 dere.
238 1415 324 1485 Sunt
339 1424 375 1485 et
391 1418 672 1502 eleemosynarum
688 1415 815 1501 species
829 1416 1000 1501 plurimae,
1018 1435 1218 1501 quamquam

124 1525 157 1592 in
196 1525 495 1610 dispensationibus
532 1545 714 1611 pauperum
752 1527 815 1593 hoc
849 1525 1046 1602 vocabulum
1080 1525 1215 1609 quidam
1347 1559 1351 1575 ·

35 1707 38 1713 ,
125 1635 240 1704 haberi
263 1635 615 1703 debere-arbitrentur.
653 1634 907 1719 Eleemosynam
926 1632 1017 1714 facit,
1042 1635 1098 1717 qui
1115 1633 1217 1704 butri

126 1762 183 1812 suo
197 1743 249 1811 ·in
278 1762 315 1812 se
347 1742 551 1827 delinquenti
571 1750 721 1827 peccata
752 1739 955 1827 dimittit⁴;.„
968 1733 1211 1827 eleemosynam
1337 1780 1340 1787 ’

124 1850 214 1932 iacit,
238 1851 295 1935 qui
309 1856 501 1936 peccantem
518 1857 554 1919 et
568 1852 681 1942 pravis
703 1851 855 1935 operibus
870 1835 1080 1919 insistentem
1104 1850 1216 1934 aliquo

125 1961 219 2028 modo
236 1960 307 2029 sive
330 1981 389 2045 per
409 1960 663 2029 admonitionem
682 1961 754 2029 sive
773 1980 834 2045 per
849 1959 1052 2044 disciplinam
1068 1958 1213 2046 corrigit.
1278 1960 1282 1968 '

124 2069 193 2138 Nec
217 2069 302 2137 enim
326 2069 398 2137 sine
427 2068 650 2167 misericordia
681 2089 755 2137 esse
785 2069 967 2137 credendus
993 2075 1054 2149 est,
1087 2067 1144 2152 qui
1167 2087 1220 2139 re,
1332 2100 1336 2106 ·

124 2178 285 2264 gulariter
309 2178 380 2246 sive
407 2197 467 2262 per
497 2177 864 2246 excommunicationem
895 2196 954 2246 seu
981 2196 1053 2261 per·
1072 2178 1233 2246 verbera.

124 2277 287 2355 homiuem
311 2286 499 2370 atpeccatis
524 2294 559 2354 et
586 2287 677 2356 vitiis
708 2306 860 2354 coercere
891 2286 1015 2364 studet,
1047 2285 1216 2369 quianon

124 2395 303 2464 secundum
320 2395 390 2463 eius
405 2396 623 2477 voluntatem,
640 2396 699 2463 sed
715 2395 894 2463 secundum
909 2393 1091 2461 utilitatem
1106 2391 1211 2476 ipsius

124 2505 309 2600 miseretur.
357 2503 610 2588 Eleemosynam
640 2502 737 2584 fauit,
775 2503 831 2587 qui
862 2508 1029 2571 errantem
1058 2502 1093 2569 in
1122 2501 1211 2570 viam

124 2598 278 2682 veritatis
301 2613 449 2693 deducit;
476 2614 717 2698 eleemosynam
733 2611 824 2694 iacit,
850 2611 906 2695 qui
920 2611 1089 2678 indoctum
1105 2610 1210 2690 docet,

124 2722 179 2805 qui
209 2724 347 2791 verbum
378 2721 432 2789 dei
461 2720 617 2804 proximis
639 2718 717 2788 'suis
748 2711 945 2804 praedicat,¹
971 2718 1213 2802 eleemosynam

94 2829 218 2911 tacit,
250 2829 307 2913 qui
337 2831 423 2897 bona
452 2829 648 2913 temporalia
679 2828 945 2897 cumfratribus
977 2826 1063 2908 suis,
1095 2827 1129 2894 id
1161 2831 1215 2894 est

29 2981 33 2989 ·
124 2938 244 3008 ceteris
267 2938 452 3006 bominibus
479 2938 680 3022 participare
709 2958 775 3006 non
798 2936 936 3016 desinit;
970 2936 1211 3019 eleemosynam
1303 2935 1306 2938 ⁴

123 3047 215 3126 facit,
249 3047 304 3129 qui
327 3046 452 3115 victum
477 3054 512 3115 et
535 3047 695 3115 vestitum
719 3045 942 3131 indigentibus
974 3045 1124 3128 praebet,
1155 3041 1211 3127 qui

123 3155 266 3240 hospitio
291 3155 437 3238 suscipit,
469 3154 525 3240 qui
547 3155 693 3222 infirmos
716 3155 845 3232 visitat,
875 3153 932 3237 qui
962 3153 997 3221 in
1020 3171 1152 3221 carcere
1177 3156 1213 3220 et

122 3265 156 3332 in
180 3263 449 3331 tribulationibus
480 3263 671 3332 constitutis
696 3264 737 3330 de
759 3263 852 3330 bouis
876 3261 945 3330 suis
970 3260 1209 3340 subministrat,
1326 3339 1331 3348 ¹

123 3373 178 3456 qui
210 3372 253 3439 ad
284 3377 423 3440 mortem
444 3355 490 3439 'et
520 3372 563 3440 ad
594 3372 753 3456 supplicia
783 3370 968 3440 destinatos
1000 3388 1117 3438 eruere
1146 3387 1214 3436 non
1297 3441 1302 3451 ,

123 3490 261 3572 cessat
284 3479 403 3548 Omnia
427 3481 512 3549 enim
535 3483 621 3549 bona
644 3477 772 3564 opera⁶,
795 3476 883 3562 'quae
905 3479 940 3547 in
963 3479 1027 3547 bac
1041 3476 1213 3562 praesenti

123 3590 195 3658 rita
210 3591 319 3658 iustus
336 3589 474 3673 quisque
490 3596 656 3674 operatur,
675 3590 737 3656 boc
752 3608 817 3656 uno
833 3587 963 3655 nomine
979 3583 1213 3671 comprehendi

218 3752 227 3785 ¹
246 3751 374 3809 miseriae
392 3752 530 3807 humanae
547 3727 613 3806 PP1.
656 3747 730 3805 ’om
749 3740 837 3805 uuit
883 3746 894 3780 ⁸
914 3764 958 3805 om
977 3763 1016 3806 oe.
1061 3746 1214 3807 ‘Eleum

123 3859 221 3912 synam
241 3872 275 3884 -
296 3842 418 3899 (limittit
437 3857 480 3897 om
501 3856 532 3898 oe
550 3856 607 3898 exc.
626 3840 653 3896 b.
693 3838 766 3895 ‘om
786 3854 818 3896 oa
836 3855 893 3895 exc.
916 3839 943 3895 b.
