2744 4456
561 278 607 291 -
656 245 736 317 154,
767 278 811 290 -

139 444 244 508 antea
267 439 445 506 seeundum
461 439 744 518 uominadeorum
763 459 897 509 suorum
913 440 1087 520 vocabant,
1112 441 1146 509 id
1163 450 1229 510 est:

144 547 237 628 Solis,
263 545 388 627 Lunae,
413 547 543 629 Martis,
569 547 734 629 Mercurii,
759 547 884 629 Jovn²‚
910 545 1061 625 Veneris,
1086 547 1230 630 Saturni,

141 654 243 724 ferias
275 655 428 741 deinceps
451 662 619 738 vocarent,
645 650 685 724 'id
710 654 800 726 est²z
832 657 938 742 prima
952 656 1054 738 ¹feria,
1088 659 1232 726 secunda

140 762 234 842 feria,
259 764 362 832 tertia
384 764 478 845 feria,
504 770 625 847 quarta
643 763 740 847 feria,
765 765 882 850 quinta
904 764 997 846 feria,
1024 772 1121 835 sexta
1136 764 1229 845 feria,

136 872 220 956 ‘quia
247 873 281 941 in
304 872 462 957 principio
486 872 626 942 Genesis
657 874 816 959 seriptum
848 880 908 953 est,
942 875 1029 957 quod
1059 875 1141 942 deus
1172 895 1232 959 per

141 981 289 1067 singulos
315 981 390 1050 dies
422 976 552 1061 dixeiit,
585 981 620 1048 id
644 987 697 1049 est
727 982 850 1066 prima:
884 981 945 1049 flat
967 981 1035 1059 lux,
1068 984 1230 1052 secunda:

72 1186 75 1190 ¹
103 1178 107 1186 Ι
141 1089 203 1158 dat
214 1088 467 1168 firmamentum,
486 1089 604 1157 tertia:
621 1091 783 1175 producat
799 1094 891 1158 terra
906 1091 1044 1158 herbam
1056 1091 1229 1170 virentem,
1334 1111 1337 1117 ·

4 1233 8 1239 ·
47 1239 48 1242 =
143 1196 295 1266 similiter
318 1204 352 1265 et
376 1202 498 1266 uetera.
530 1197 712 1266 Sabbatum
736 1203 848 1267 autem
873 1199 1009 1282 antiquo
1032 1198 1116 1284 legis
1137 1219 1232 1268 voea-

45 1400 51 1406 ἢ
141 1306 218 1374 bulo
233 1303 373 1375 voeare³
388 1306 567 1391 praecepit,
586 1312 621 1374 et
635 1307 774 1392 primam
790 1307 907 1375 feriam
923 1307 1009 1374 diem
1026 1307 1229 1388 dominicam,
1284 1394 1292 1401 ἢ

142 1433 180 1482 eo
204 1414 292 1497 quod
314 1414 464 1482 dominus
487 1415 522 1482 in
544 1415 601 1482 iila
623 1416 817 1484 resurrexit.
855 1415 984 1483 Statuit
1007 1422 1121 1484 autem
1144 1416 1231 1484 idem
1281 1476 1289 1487 ,

74 1581 77 1587 .
141 1541 237 1608 papa,
262 1528 301 1590 ut
324 1523 428 1590 otium
452 1523 585 1604 sabbati
607 1523 712 1608 magis
735 1523 769 1591 in
797 1523 883 1592 diem
906 1523 1101 1592 dominicam
1125 1531 1231 1592 traus-

1 1688 9 1704 .
115 1630 296 1718 demetur,
329 1637 368 1699 ut
399 1650 438 1699 ea
470 1631 523 1700 die
555 1652 576 1699 a
606 1633 764 1711 terrenis
780 1633 933 1716 operibus
964 1633 1008 1700 ad
1029 1633 1231 1701 laudandum

141 1740 239 1808 deum
262 1758 466 1819 vacaremus,
491 1741 587 1808 iuxta
601 1740 682 1808 illud
698 1740 961 1825 quodsoriptum
985 1734 1073 1808 est·:
1099 1743 1236 1825 ,Vocote-
1357 1808 1359 1812 .

141 1852 301 1933 domae,
326 1855 476 1940 quonian
498 1873 553 1934 apo
576 1873 646 1919 rum
669 1849 766 1941 dera‘
787 1849 984 1925 ¹Secundum
1007 1850 1095 1917 huno
1118 1856 1231 1918 autem
1255 1894 1259 1902 ·

138 1976 265 2025 morem
287 1957 322 2023 in
346 1957 507 2026 natalitiis
538 1963 727 2026 sauctorum
750 1976 881 2038 vacare,
912 1958 948 2025 id
973 1958 1092 2025 estad
1116 1958 1231 2026 laudes

141 2065 204 2133 dei>
218 2065 432 2133 celebrandas
456 2071 573 2133 saneta
596 2085 655 2134 nos
678 2066 771 2134 iubet
800 2066 946 2134 ecelesia.
996 2065 1152 2153 Ceterum
1176 2066 1232 2149 qui

141 2174 195 2269 luis
211 2173 326 2241 diebus
350 2175 394 2241 ad
408 2174 470 2243 hoo
483 2193 605 2242 vacare
620 2175 695 2244 vult
719 2176 761 2242 ab
778 2175 992 2260 agricultura,
1019 2181 1058 2242 ut
1074 2175 1230 2258 orapulae

139 2288 178 2351 et
201 2283 366 2373 ebrietati
400 2283 570 2352 deserviat
602 2284 658 2352 vel
690 2283 771 2351 ioois
804 2283 958 2351 inanibus
993 2303 1126 2368 operam
1162 2285 1229 2363 det,
1258 2303 1261 2310 ‘

16 2480 21 2486 .
143 2399 315 2477 agnoscat,
351 2410 388 2459 se
418 2391 524 2476 magis
556 2411 694 2474 peecare
723 2411 783 2475 per
816 2392 884 2459 tale
900 2392 1035 2471 otium,
1071 2411 1170 2475 quam
1203 2393 1231 2460 si

143 2496 263 2568 alioui‘
292 2499 366 2568 utili
398 2499 489 2583 operi
519 2499 692 2568 insisteret
721 2479 904 2567 Salomone
928 2497 1144 2568 adtestante⁵
1175 2501 1231 2584 qui

39 2618 46 2629 ‘
138 2607 231 2675 raith:
256 2611 338 2694 ,Vde
360 2609 435 2692 illis,
465 2614 518 2696 pai
540 2619 708 2678 morantur
730 2614 764 2676 in
787 2614 859 2677 uiae
883 2617 912 2679 a
934 2613 1059 2679 student
1083 2611 1231 2678 culicibus

142 2716 338 2806 epotandis‘,·
363 2722 398 2784 et
419 2717 534 2799 item⁰z
568 2720 742 2805 ,Acceptum
765 2717 882 2800 Inquit,
908 2713 975 2787 est⁶
999 2722 1067 2804 rapi
1073 2799 1075 2802 y
1089 2723 1231 2789 minister·
1326 2703 1331 2710 ’

142 2825 329 2912 intellepens,
353 2823 554 2894 iracundiam
578 2821 662 2893 eius⁷
693 2827 814 2896 inutilis
836 2824 1018 2895 srcsrtnebirf
1065 2824 1130 2892 Sed
1154 2824 1240 2923 quia·
1364 2851 1367 2857 ’

139 2933 183 3002 de
214 2933 456 3024 festivitatibus
488 2932 721 3001 celebrioribus
752 2933 795 3000 ad
825 2933 1077 3001 instructionem
1107 2953 1228 3012 eorum,
1350 2996 1353 3004 .

143 3041 199 3125 qui
220 3041 255 3109 in
272 3042 409 3110 ecclesia
426 3042 486 3109 deo
503 3042 654 3109 serviumt
671 3047 706 3110 et
721 3041 839 3125 populo
854 3048 1024 3126 praesunt,
1044 3042 1231 3110 secuudum

140 3169 275 3218 sensum
307 3151 465 3218 maiorum
496 3151 562 3218 iam
585 3140 686 3235 supra
710 3150 859 3230 diximus,
888 3151 929 3218 de
953 3150 1078 3236 origine
1102 3169 1231 3233 quoque

42 3332 50 3343 ‚
81 3271 84 3279 ⁴
140 3265 261 3348 cantus
293 3264 328 3327 et
358 3259 535 3326 leutionum
571 3265 605 3326 et
641 3259 843 3327 auctoritate
879 3259 1019 3343 symboli
1054 3259 1162 3327 adhue
1196 3259 1230 3325 in

142 3368 312 3470 praesenti
334 3367 417 3434 libro
442 3368 597 3435 dieamus.

233 3596 247 3625 Β
270 3583 314 3639 Ps.
334 3583 418 3652 XLV,
439 3585 481 3638 11.
521 3584 636 3638 bProv.
655 3583 761 3650 XXIII,
780 3583 824 3672 30.
862 3594 874 3624 ⁰
899 3583 978 3638 Prot.
999 3581 1072 3650 XIV,
1092 3583 1134 3637 35.

234 3729 306 3784 ¹om
326 3745 365 3784 oe.
405 3727 463 3783 'id
483 3735 526 3783 est
545 3744 589 3783 om
609 3743 640 3783 oe
659 3744 715 3783 exo.
736 3729 761 3783 h.
795 3725 918 3782 'vocari
939 3728 964 3781 h.
997 3725 1228 3796 ‘sliquoIIPP¹.

140 3818 244 3874 ⁶teste
264 3835 302 3874 os.
341 3817 414 3874 ⁰est
433 3818 599 3888 intellegens
619 3833 649 3873 oe
670 3825 698 3873 et
717 3834 739 3872 o.
779 3816 853 3873 'orn
873 3834 904 3873 oe
924 3833 979 3872 exc.
1002 3818 1028 3871 h.
