2744 4456
460 230 786 315 .'..47..

134 443 371 528 eiusoperibus
388 450 490 526 atque
505 442 678 510 fallacibus
692 448 846 531 pornpis⁸‚
870 449 911 509 nt
928 442 1069 526 primum
1085 450 1225 541 respuat

128 571 285 633 errorem,
304 559 340 619 et
355 552 403 619 sic
418 551 659 635 adpropinquet
675 551 718 618 ad
733 551 922 632 veritatem,
946 553 1116 636 possitque
1131 553 1226 621 iuxta

133 660 343 744 aposnlumb·
365 663 538 750 „deponere
553 672 681 728 ueterem
697 663 850 729 hominem
867 665 1035 730 secundnm
1048 667 1226 751 pristinem

133 775 406 855 conversationem,
436 774 491 860 pai
522 775 737 857 corrumpitur
764 773 931 838 secandum
957 774 1114 840 desideria
1139 756 1243 840 erro·¹

133 877 209 963 ris“,
237 880 416 964 „abnepans
439 882 639 964 impotatos,
652 889 680 945 et
703 881 883 947 saecularia
904 878 1112 948 desideric“⁰.
1160 879 1224 947 Dc

131 985 206 1053 iude
237 984 438 1068 apostolicae
473 985 550 1053 fidei
585 986 773 1053 ostenditur
805 986 855 1053 ei¹
891 988 1074 1071 symbolum
1108 994 1144 1055 et
1173 1007 1224 1055 ex·

132 1093 274 1176 quiritur
297 1096 340 1162 ab
364 1113 412 1175 00,
438 1094 467 1162 si
491 1094 606 1162 eredat
625 1100 660 1162 in
679 1099 770 1163 oleam
780 1085 908 1184 patrem
924 1101 1173 1184 omnipotentem,
1197 1107 1225 1164 et

132 1210 165 1271 in
187 1206 295 1273 Jesum
322 1206 481 1274 Otristnm
504 1206 607 1290 fitium
631 1208 697 1272 eius
719 1209 848 1272 animm
864 1201 1026 1272 dominnm
1049 1198 1223 1289 nostrunn',

133 1323 160 1379 et
181 1317 215 1380 in
240 1316 389 1401 spiritam
412 1312 587 1395 sanctumd,
616 1331 718 1378 unum
742 1312 839 1379 deum
862 1312 896 1379 in
920 1312 1074 1380 trinitate
1099 1317 1134 1381 et
1156 1312 1225 1380 utu·

133 1417 237 1506 tcte³;
272 1420 300 1488 si
324 1420 525 1488 confiteatur
548 1444 644 1488 ronam
669 1438 743 1487 esse
761 1432 916 1498 *semrom
939 1425 1096 1490 ecclesiam
1120 1424 1224 1490 catho-

133 1529 234 1614 licam,
264 1535 300 1596 et
323 1528 352 1596 si
375 1528 491 1596 credat
513 1533 726 1597 remissionem
745 1540 957 1617 peccatorem,
990 1535 1026 1596 ut
1048 1535 1155 1599 carnis
1179 1553 1224 1596 re·
1341 1533 1344 1538 ’

132 1642 362 1706 surrectionem.
409 1637 503 1704 Haec
535 1656 612 1721 ergo
646 1637 754 1704 omnin
787 1637 815 1704 si
847 1656 883 1705 se
916 1657 997 1706 uere
1027 1634 1225 1721 profitetur⁴
1302 1661 1307 1678 ·

134 1744 275 1825 audere,
305 1745 372 1812 iam
394 1745 510 1828 incipit
532 1764 593 1828 per
616 1743 714 1812 fidem
749 1751 899 1834 „induere
920 1770 1035 1815 noviom
1059 1749 1224 1830 harninem,

51 1883 57 1890 ·
133 1859 185 1941 qai
207 1857 376 1924 secarudnm
392 1858 483 1922 decem
508 1843 630 1922 creatas
653 1865 696 1922 est
717 1859 750 1922 in
775 1859 898 1922 institia
913 1865 942 1922 et
956 1859 1123 1924 sanctitate
1146 1858 1225 1923 ceri·

134 1962 256 2046 totis“⁸‚
288 1980 352 2043 quo
376 1966 488 2052 tumen
512 1962 789 2045 proscinduntur,
823 1963 953 2060 quando
986 1983 1045 2047 per
1068 1962 1225 2046 baptismi

182 2185 186 2193 ·
223 2159 359 2216 wan
384 2175 445 2229 epp.
472 2159 513 2215 eu
533 2159 609 2215 aare
627 2159 694 2225 ssd
722 2160 783 2216 sus.
819 2150 874 2216 u'o
893 2161 964 2231 upp.
985 2159 1078 2242 uuor.
1105 2159 1168 2216 sevi
1186 2158 1223 2216 n.
1306 2139 1316 2148 “
1341 2146 1344 2150 “

134 2265 158 2319 p.
173 2248 226 2305 202
245 2256 274 2306 et
292 2249 352 2332 214.
393 2249 528 2319 ruphus.
549 2248 597 2317 IV,
618 2248 661 2304 22.
699 2248 792 2304 οΤίῑ.
813 2249 851 2317 H,
873 2250 914 2304 12.
947 2250 1222 2307 constannens
1256 2249 1267 2264 ¹

133 2338 222 2396 Gelos.
247 2340 288 2395 ed.
308 2339 410 2395 Murst.
430 2339 453 2406 I,
476 2339 530 2394 570
549 2345 577 2394 et
601 2355 732 2409 respousa
748 2340 786 2395 ud
806 2342 963 2396 consuitum
983 2340 1074 2397 Caroli
1094 2341 1130 2397 M.
1152 2356 1174 2398 e.
1194 2355 1223 2412 g.

133 2429 193 2486 HG.
213 2446 275 2500 epp.
296 2428 390 2485 Karol.
411 2429 473 2486 oevi
486 2429 522 2484 Π.
544 2446 569 2499 p.
585 2429 646 2485 536.
684 2441 697 2471 0
720 2429 792 2498 spu.
807 2429 853 2498 IV,
869 2430 911 2485 24.
953 2471 956 2478 .

224 2556 233 2588 ¹
252 2555 333 2612 Foru
350 2556 384 2613 ei.
406 2553 502 2612 'nnio
519 2555 590 2611 dom.
606 2565 691 2612 uostr.
708 2573 751 2612 om
767 2556 800 2611 D.
822 2554 974 2612 ’seruo
994 2563 1023 2614 st
1038 2537 1224 2628 reliquaoyn-

132 2645 194 2703 boli.
221 2646 280 2702 Iuro
301 2648 374 2702 enim
395 2648 519 2703 confesso
533 2647 590 2702 Deo
609 2646 805 2703 obrenuutisto
825 2646 934 2703 diabolo
948 2649 1116 2704 exsuffletur
1134 2648 1164 2704 iu
1183 2663 1223 2717 aa,

132 2742 166 2792 ut
178 2736 413 2807 spiritui'suncto
432 2736 512 2793 cedet
533 2737 682 2807 malignus.
706 2736 842 2807 Signatus
861 2738 942 2794 homo
961 2738 1049 2794 aucis
1069 2739 1222 2810 signaculo,

133 2827 196 2884 exin
214 2842 373 2896 supereum
386 2829 459 2882 deut
477 2827 624 2895 orationes,
643 2833 677 2883 ut
689 2829 742 2882 fist
759 2828 951 2884 csdcuuriuuu.
980 2828 1079 2885 deiude
1099 2829 1224 2898 typicum
1247 2854 1252 2863 ·

133 2917 216 2972 dstur
234 2918 276 2972 sul
292 2917 455 2987 supientiae,
474 2923 508 2972 ut
526 2924 652 2972 seruetur
671 2917 706 2972 sd
726 2918 857 2974 maiorem
872 2918 1077 2988 percipiendum
1091 2919 1222 2989 gratiam,

133 3008 305 3063 exorcizatur
324 3006 450 3062 annolus
469 3005 504 3061 ub
523 3023 554 3062 eo
573 3006 706 3074 recedere,
732 3008 846 3064 reddere
865 3009 965 3064 sonori
985 3010 1124 3066 honorem.
1156 3009 1222 3066 iuda

132 3097 216 3153 tactis
241 3096 354 3152 nuribus
373 3104 401 3152 et
421 3097 534 3153 nuribus
553 3097 643 3152 solius
663 3097 865 3167 diciturillud,
885 3100 957 3167 quod
977 3105 1076 3168 sancto
1095 3104 1173 3155 muto
1192 3106 1222 3156 et

133 3187 215 3243 surdo
241 3188 365 3243 salvetor
394 3188 437 3243 sit
461 3189 562 3256 ephon
589 3187 705 3243 mittens
737 3188 843 3258 digitos
873 3189 903 3245 iu
928 3190 1085 3247 conculam
1108 3190 1169 3246 eius
1194 3195 1224 3246 ot

132 3278 245 3348 reliquo.
284 3279 334 3333 hoc
353 3285 554 3334 sacromentum
576 3278 621 3333 hic
640 3278 744 3348 egitur,
769 3286 804 3333 ut
827 3295 876 3348 per
901 3279 1018 3336 salinum
1039 3280 1178 3349 supientia
1196 3286 1226 3336 et

132 3382 181 3437 per
207 3375 313 3424 tactum
339 3368 431 3424 uirtus
456 3368 486 3423 in
513 3353 691 3437 cooperetur
710 3368 816 3437 dirius,
841 3376 874 3424 ut
899 3371 1061 3439 operiuntur
1080 3386 1160 3426 sures
1178 3387 1224 3427 uu·
1249 3397 1252 3403 ¹

133 3457 227 3514 dieudi
238 3457 361 3513 sertum
382 3458 425 3513 dei
444 3462 475 3512 et
492 3473 573 3513 nurss
587 3458 757 3528 percipiendi
778 3460 909 3515 notitiam
929 3460 996 3516 eius.
1027 3461 1127 3516 deiude
1145 3459 1224 3517 boue·

133 3547 255 3604 dictione
279 3547 430 3604 sucerdotis
455 3548 590 3616 munitur,
616 3555 650 3604 ut
675 3549 709 3605 sd
729 3550 900 3618 baptismum
923 3550 979 3606 fide
1004 3557 1117 3621 occepso
1136 3558 1224 3607 custo

133 3638 235 3714 dictur.
274 3638 424 3709 nguctur
443 3644 539 3708 pectus
559 3639 618 3693 eins
638 3640 705 3707 oleo,
731 3645 764 3694 nt
790 3655 866 3696 mens
885 3639 944 3696 sius
965 3640 1020 3697 flde
1034 3643 1223 3705 confortatum

132 3734 275 3798 unguetur
299 3728 373 3785 inter
398 3729 533 3798 scapulos,
560 3735 593 3784 ut
618 3728 740 3798 undique
767 3730 910 3786 muniet-ur
936 3737 966 3786 et
990 3731 1026 3786 ud
1052 3731 1124 3787 bons
1142 3746 1225 3801 opera

55 3848 61 3859 ·
132 3833 182 3888 per
199 3819 322 3889 gratiam
343 3818 387 3874 dci
406 3818 558 3875 roboretur.
597 3818 778 3875 ⁴corr'titetur
797 3820 829 3875 D.
