2744 4456
610 245 862 312 ..264-

193 446 416 530 concupiscant
422 467 436 525 ,·
463 445 509 509 sic
534 446 758 529 proximorum
779 442 870 526 sarta
893 441 1055 528 dilipenela
1079 443 1222 528 landem
1252 453 1281 509 ut

194 572 232 620 ea
253 554 346 620 etiam
370 552 525 618 imitanda
547 548 786 639 multiplicnit“,
817 547 895 633 quit
928 549 1206 634 ,autumatis
1227 551 1283 620 sili

194 667 303 744 aptast,
333 663 362 728 si
384 681 422 726 ea
451 681 531 746 quae
553 659 701 745 diliquit,
729 663 937 746 inquantum
956 668 1102 746 munt,
1124 682 1193 728 non
1214 664 1282 727 ini·

195 765 336 837 tantnr“.
381 769 603 853 ,Admanmdi
624 776 698 838 nent
722 770 833 852 inuieli,
860 775 896 838 nt
913 769 1127 857 perpendant,
1151 775 1284 856 mamae

195 879 353 945 metas
375 882 405 946 et
426 876 624 961 infelicitatis
646 887 729 961 sunt,
753 881 808 964 qni
830 877 933 944 alieno
956 877 1103 962 profectu
1127 877 1284 961 deficient,

196 984 302 1052 aliena
332 985 521 1053 tentatum
550 985 785 1067 cantabesaent,
815 988 871 1071 qui
897 984 1116 1052 melioratione
1145 988 1286 1072 proximi

196 1095 365 1162 deteriores
386 1090 490 1162 sunt.“
505 1108 510 1121 ·
528 1093 671 1177 ,Aliter⁸
694 1094 888 1160 admonendi
908 1100 982 1162 sunt
1004 1092 1175 1180 simplices,
1199 1102 1287 1180 atqie

197 1200 290 1268 aliter
312 1205 439 1290 impuri.
487 1201 663 1269 Laudande'
684 1211 758 1268 sunt
779 1202 945 1289 st'rnplices,
970 1211 1004 1269 ut
1025 1203 1177 1270 studeant
1199 1223 1286 1268 1111111·

196 1332 291 1396 quam
312 1310 402 1395 salsa
413 1312 524 1393 dicere,
544 1311 600 1376 uu
615 1311 809 1378 admonendi
820 1317 904 1392 sunt,
920 1317 955 1378 ut
970 1312 1114 1379 secuerint
1129 1333 1287 1378 nonnum·

197 1441 291 1505 meam
325 1441 400 1486 aera
433 1414 598 1501 reticere“,
636 1426 691 1502 ,ut
723 1418 935 1505 simplicitatis
970 1418 1050 1484 lano
1081 1421 1287 1505 prndmtiam

93 1555 96 1561 ·
197 1528 387 1613 aelinnqant,
418 1535 571 1612 quatenus
599 1530 645 1594 sia
674 1530 871 1594 securitatem
903 1528 941 1592 de
963 1525 1166 1613 sinplicitate
1185 1529 1288 1615 possi·

198 1637 303 1716 deant,
326 1645 361 1701 ut
384 1638 687 1721 circumspectionem
706 1637 895 1722 prudentiae
918 1657 981 1702 non
1006 1632 1188 1704 amittant
1226 1638 1288 1719 ,Ac

197 1751 310 1813 cantra
335 1745 624 1812 admonentium
646 1739 794 1831 impuri¹,
818 1750 853 1812 ut
876 1765 970 1829 qnam
992 1745 1162 1829 promissit
1185 1744 1288 1831 culpa,

199 1873 294 1939 quam
324 1855 453 1919 sustinet
483 1853 678 1940 duplicitatis
714 1845 825 1918 Ιαὺον2
855 1861 1036 1938 aqnascnnt.
1089 1851 1179 1918 Dum
1211 1856 1290 1918 usim

200 1962 388 2047 deprehendi
401 1967 551 2044 metuunt,
574 1982 695 2048 semper
711 1961 871 2046 improbas
886 1960 1082 2044 defensiones
1101 1955 1288 2046 asumensis

203 2067 349 2152 ,Aliterl’
380 2070 573 2136 admonendi
600 2075 674 2137 sunt
704 2068 884 2151 incolumes,
923 2078 1014 2155 atque
1044 2069 1140 2136 aliter
1169 2065 1287 2155 aeurif

203 2178 426 2261 ,Admoneneli
454 2187 527 2244 sunt
552 2177 729 2261 incolumes,
761 2199 800 2244 ne
830 2182 1097 2264 opportunitatum
1120 2176 1235 2246 solens
1259 2181 1291 2242 in

199 2294 381 2372 perpetuum
407 2287 635 2372 promerendae
666 2281 879 2372 despiciaut“,
914 2308 971 2369 ,ne
998 2285 1126 2372 placere
1156 2287 1233 2367 cleo,
1264 2288 1293 2352 si

201 2415 271 2460 eum
289 2389 433 2480 passint³
463 2393 632 2471 noluerint,
663 2415 733 2461 curn
762 2394 918 2463 coluerint
947 2415 1017 2460 sera
1044 2415 1109 2460 neon
1131 2390 1290 2480 possint“.

205 2505 269 2586 ,At
298 2513 408 2569 cantra
439 2503 630 2568 admonendi
664 2510 737 2568 sunt
766 2504 872 2587 aeqri,
909 2511 942 2568 ut
972 2497 1030 2568 ea*
1059 2523 1092 2569 sc
1124 2501 1211 2586 filios
1243 2502 1293 2568 elei

201 2614 347 2690 sentiant,
370 2605 452 2697 auo⁶
477 2610 550 2677 illos
565 2610 750 2697 disciplinae
772 2609 902 2696 {lapella
917 2614 1082 2696 castipant.
1114 2611 1190 2678 Nisi
1213 2614 1293 2677 enim

202 2722 348 2786 correctis
370 2719 593 2787 haereditatem
616 2719 694 2784 clare
709 2719 897 2804 disponeret,
921 2719 1047 2784 erudire
1070 2741 1123 2785 eos
1146 2740 1204 2805 per
1226 2740 1290 2785 ma·

203 2827 309 2895 lestias
330 2849 395 2894 non
417 2823 572 2895 curaret.“
609 2827 749 2911 ,Alitero
774 2827 966 2892 admonendi
987 2833 1061 2895 sunt
1084 2830 1140 2913 qui
1161 2827 1292 2914 {lapella

81 2953 83 2958 ·
203 2941 352 3014 inetuunt,
367 2927 411 3002 'et
438 2942 607 3022 propterea
639 2938 819 3003 innocenter
841 2938 958 3017 uiuunt,
990 2942 1082 3021 atque
1105 2935 1210 3018 aliter,
1241 2939 1294 3022 qni

203 3047 248 3110 sie
272 3046 304 3109 in
328 3046 492 3129 iniquitate
507 3045 711 3127 discescerunt,
736 3053 880 3144 utusque
900 3043 1104 3129 peritanella
1127 3049 1293 3128 corripen-

203 3160 266 3221 tur.
292 3153 467 3219 Dicendum
483 3174 616 3239 namque
631 3148 694 3219 est‘
712 3149 773 3228 his,
793 3148 849 3232 qui
864 3150 1140 3232 promereamus
1154 3149 1291 3229 faciunt,

206 3258 282 3342 quia
306 3264 544 3324 tormentorum
569 3259 656 3324 maia
679 3264 842 3326 metuunt.
869 3255 977 3340 qu0d⁶
1004 3259 1147 3341 ,stultam
1161 3265 1293 3347 spiritus

298 3433 311 3462 ⁸
333 3420 351 3474 l.
372 3437 392 3474 o.
414 3436 454 3488 ep.
471 3421 512 3474 ll.
551 3421 566 3460 b
587 3421 604 3475 l.
626 3435 648 3475 c.
668 3436 709 3488 cp.
725 3418 766 3472 12.
806 3431 817 3459 0
842 3419 859 3473 l.
880 3434 902 3473 a.
923 3435 965 3488 cp.
980 3419 1023 3473 13.

300 3544 310 3577 ¹
328 3545 391 3614 puri
410 3545 461 3600 1111ι
480 3546 526 3615 ph.
558 3543 627 3600 ‘sic
646 3545 691 3611 tt,
710 3551 743 3599 ut
763 3560 845 3612 quem
864 3544 960 3614 gravis
979 3543 1025 3610 sit,
1044 3558 1124 3612 quom
1139 3559 1202 3598 cum
1215 3545 1297 3614 culpe

211 3636 360 3711 sustinent,
375 3635 551 3705 duplicitatis
565 3635 649 3703 labor,
669 3640 829 3704 agnoscant.
851 3633 933 3704 (ἕως.
948 3651 987 3698 111;
1007 3639 1136 3702 utquam
1149 3634 1246 3703 gravis
1259 3635 1297 3690 sit

211 3728 307 3796 eulpa,
340 3741 422 3794 quem
450 3726 605 3793 sustinent,
639 3724 814 3793 duplicitatis
845 3724 964 3779 laborem
988 3729 1148 3794 agnoscent.
1174 3723 1297 3779 PP¹0ne

211 3815 357 3887 'possunt
376 3816 458 3880 stret.
496 3815 566 3870 ⁴sic
585 3816 677 3885 Greg,
697 3821 725 3870 et
744 3833 785 3871 os.
824 3815 982 3883 tquoniem
1002 3830 1040 3870 os.
1079 3812 1175 3882 ‘quia
1194 3830 1233 3870 oe.
