<?xml version="1.0" encoding="UTF-8"?>
<!DOCTYPE html PUBLIC "-//W3C//DTD XHTML 1.0 Transitional//EN"
    "http://www.w3.org/TR/xhtml1/DTD/xhtml1-transitional.dtd">
<html xmlns="http://www.w3.org/1999/xhtml" xml:lang="en" lang="en">
 <head>
  <title>
</title>
<meta http-equiv="Content-Type" content="text/html;charset=utf-8" />
  <meta name='ocr-system' content='tesseract 3.04.00' />
  <meta name='ocr-capabilities' content='ocr_page ocr_carea ocr_par ocr_line ocrx_word'/>
</head>
<body>
  <div class='ocr_page' id='page_1' title='image "./deinstitutionec00maurgoog_0156.png"; bbox 0 0 2744 4456; ppageno 0'>
   <div class='ocr_carea' id='block_1_1' title="bbox 436 255 803 340">
    <p class='ocr_par' dir='ltr' id='par_1_1' title="bbox 436 255 803 340">
     <span class='ocr_line' id='line_1_1' title="bbox 436 255 803 340; baseline 0.005 -22"><span class='ocrx_word' id='word_1_1' title='bbox 436 329 441 340; x_wconf 85' lang='lat'><em>.</em></span> <span class='ocrx_word' id='word_1_2' title='bbox 553 255 803 320; x_wconf 84' lang='lat'>-117-</span> 
     </span>
    </p>
   </div>
   <div class='ocr_carea' id='block_1_2' title="bbox 132 430 1226 1081">
    <p class='ocr_par' dir='ltr' id='par_1_2' title="bbox 132 430 1226 1081">
     <span class='ocr_line' id='line_1_2' title="bbox 134 430 1223 528; baseline -0.001 -14"><span class='ocrx_word' id='word_1_3' title='bbox 134 458 227 528; x_wconf 86' lang='lat' dir='ltr'><strong><em>sunt;</em></strong></span> <span class='ocrx_word' id='word_1_4' title='bbox 254 469 297 516; x_wconf 90' lang='lat' dir='ltr'><strong><em>ne</em></strong></span> <span class='ocrx_word' id='word_1_5' title='bbox 318 448 439 516; x_wconf 79' lang='lat' dir='ltr'><strong><em>uufirmi</em></strong></span> <span class='ocrx_word' id='word_1_6' title='bbox 453 449 488 515; x_wconf 95' lang='lat' dir='ltr'><strong><em>in</em></strong></span> <span class='ocrx_word' id='word_1_7' title='bbox 504 448 641 516; x_wconf 84' lang='lat' dir='ltr'><strong><em>ecclesia</em></strong></span> <span class='ocrx_word' id='word_1_8' title='bbox 658 430 924 515; x_wconf 84' lang='lat' dir='ltr'><strong><em>scandalizentur</em></strong></span> <span class='ocrx_word' id='word_1_9' title='bbox 939 447 1092 516; x_wconf 85' lang='lat' dir='ltr'><strong><em>videntes</em></strong></span> <span class='ocrx_word' id='word_1_10' title='bbox 1102 436 1223 518; x_wconf 78' lang='lat' dir='ltr'><strong><em>eorum</em></strong></span> 
     </span>
     <span class='ocr_line' id='line_1_3' title="bbox 133 557 1133 641; baseline -0.005 -17"><span class='ocrx_word' id='word_1_11' title='bbox 133 578 266 640; x_wconf 82' lang='lat' dir='ltr'><strong><em>poenae,</em></strong></span> <span class='ocrx_word' id='word_1_12' title='bbox 291 578 429 641; x_wconf 87' lang='lat' dir='ltr'><strong><em>quorum</em></strong></span> <span class='ocrx_word' id='word_1_13' title='bbox 452 557 584 640; x_wconf 86' lang='lat' dir='ltr'><strong><em>penitus</em></strong></span> <span class='ocrx_word' id='word_1_14' title='bbox 608 557 765 641; x_wconf 85' lang='lat' dir='ltr'><strong><em>ignorent</em></strong></span> <span class='ocrx_word' id='word_1_15' title='bbox 787 575 915 624; x_wconf 79' lang='lat' dir='ltr'><strong>causas.</strong></span> <span class='ocrx_word' id='word_1_16' title='bbox 1130 612 1133 619; x_wconf 93' lang='lat'>.</span> 
     </span>
     <span class='ocr_line' id='line_1_4' title="bbox 224 663 1224 752; baseline 0 -18"><span class='ocrx_word' id='word_1_17' title='bbox 224 666 322 752; x_wconf 81' lang='lat' dir='ltr'><strong><em>Quali</em></strong></span> <span class='ocrx_word' id='word_1_18' title='bbox 345 674 457 734; x_wconf 85' lang='lat' dir='ltr'><strong><em>eutem</em></strong></span> <span class='ocrx_word' id='word_1_19' title='bbox 482 672 631 749; x_wconf 84' lang='lat' dir='ltr'><strong><em>tempore</em></strong></span> <span class='ocrx_word' id='word_1_20' title='bbox 646 663 1128 748; x_wconf 84' lang='lat' dir='ltr'><strong><em>poenitentiumrecouciliotio</em></strong></span> <span class='ocrx_word' id='word_1_21' title='bbox 1152 664 1224 734; x_wconf 83' lang='lat' dir='ltr'><strong><em>fieri</em></strong></span> 
     </span>
     <span class='ocr_line' id='line_1_5' title="bbox 133 772 1226 856; baseline 0.001 -15"><span class='ocrx_word' id='word_1_22' title='bbox 133 775 270 852; x_wconf 86' lang='lat' dir='ltr'><strong><em>debeat,</em></strong></span> <span class='ocrx_word' id='word_1_23' title='bbox 307 775 488 842; x_wconf 85' lang='lat' dir='ltr'><strong><em>ostendunt</em></strong></span> <span class='ocrx_word' id='word_1_24' title='bbox 517 773 655 843; x_wconf 53' lang='lat' dir='ltr'><strong><em>¹decreta</em></strong></span> <span class='ocrx_word' id='word_1_25' title='bbox 687 772 872 840; x_wconf 81' lang='lat' dir='ltr'><strong><em>hmocentii</em></strong></span> <span class='ocrx_word' id='word_1_26' title='bbox 907 784 1047 856; x_wconf 61' lang='lat' dir='ltr'><strong><em>papam,</em></strong></span> <span class='ocrx_word' id='word_1_27' title='bbox 1085 774 1141 842; x_wconf 87' lang='lat' dir='ltr'><strong><em>ubi</em></strong></span> <span class='ocrx_word' id='word_1_28' title='bbox 1175 774 1226 841; x_wconf 83' lang='lat' dir='ltr'><strong><em>ite</em></strong></span> 
     </span>
     <span class='ocr_line' id='line_1_6' title="bbox 134 882 1225 971; baseline 0.001 -21"><span class='ocrx_word' id='word_1_29' title='bbox 134 883 292 967; x_wconf 89' lang='lat' dir='ltr'><strong><em>scriptum</em></strong></span> <span class='ocrx_word' id='word_1_30' title='bbox 316 882 498 967; x_wconf 87' lang='lat' dir='ltr'><strong><em>reperitur:</em></strong></span> <span class='ocrx_word' id='word_1_31' title='bbox 532 884 592 967; x_wconf 86' lang='lat' dir='ltr'><strong><em>,De</em></strong></span> <span class='ocrx_word' id='word_1_32' title='bbox 618 884 849 971; x_wconf 82' lang='lat' dir='ltr'><strong><em>poenitentibus</em></strong></span> <span class='ocrx_word' id='word_1_33' title='bbox 879 889 992 968; x_wconf 85' lang='lat' dir='ltr'><strong><em>antem,</em></strong></span> <span class='ocrx_word' id='word_1_34' title='bbox 1024 886 1164 969; x_wconf 78' lang='lat' dir='ltr'><strong><em>quietae</em></strong></span> <span class='ocrx_word' id='word_1_35' title='bbox 1188 906 1225 951; x_wconf 80' lang='lat' dir='ltr'><strong><em>aa</em></strong></span> 
     </span>
     <span class='ocr_line' id='line_1_7' title="bbox 132 991 1224 1081; baseline -0.001 -22"><span class='ocrx_word' id='word_1_36' title='bbox 132 995 332 1081; x_wconf 70' lang='lat' dir='ltr'><strong><em>peritioribus</em></strong></span> <span class='ocrx_word' id='word_1_37' title='bbox 355 997 527 1061; x_wconf 81' lang='lat' dir='ltr'><strong><em>cornmissis</em></strong></span> <span class='ocrx_word' id='word_1_38' title='bbox 542 996 606 1061; x_wconf 85' lang='lat' dir='ltr'><strong><em>sice</em></strong></span> <span class='ocrx_word' id='word_1_39' title='bbox 630 1015 668 1059; x_wconf 82' lang='lat' dir='ltr'><strong><em>ee</em></strong></span> <span class='ocrx_word' id='word_1_40' title='bbox 683 991 849 1060; x_wconf 81' lang='lat' dir='ltr'><strong><em>lenioribus</em></strong></span> <span class='ocrx_word' id='word_1_41' title='bbox 859 994 1086 1080; x_wconf 78' lang='lat' dir='ltr'><strong><em>poenitentiam</em></strong></span> <span class='ocrx_word' id='word_1_42' title='bbox 1101 1001 1224 1079; x_wconf 75' lang='lat' dir='ltr'><strong><em>perart,</em></strong></span> 
     </span>
    </p>
   </div>
   <div class='ocr_carea' id='block_1_3' title="bbox 25 1099 1226 1189">
    <p class='ocr_par' dir='ltr' id='par_1_3' title="bbox 25 1099 1226 1189">
     <span class='ocr_line' id='line_1_8' title="bbox 25 1099 1226 1189; baseline -0.001 -20"><span class='ocrx_word' id='word_1_43' title='bbox 25 1109 33 1119; x_wconf 87' lang='lat'>&#39;</span> <span class='ocrx_word' id='word_1_44' title='bbox 132 1106 161 1169; x_wconf 89' lang='lat' dir='ltr'><strong><em>si</em></strong></span> <span class='ocrx_word' id='word_1_45' title='bbox 184 1103 274 1170; x_wconf 84' lang='lat' dir='ltr'><strong><em>nulio</em></strong></span> <span class='ocrx_word' id='word_1_46' title='bbox 297 1106 461 1170; x_wconf 84' lang='lat' dir='ltr'><strong><em>intervenit</em></strong></span> <span class='ocrx_word' id='word_1_47' title='bbox 485 1104 662 1189; x_wconf 74' lang='lat' dir='ltr'><strong><em>aspritudo,</em></strong></span> <span class='ocrx_word' id='word_1_48' title='bbox 693 1103 804 1187; x_wconf 77' lang='lat' dir='ltr'><strong><em>quinte</em></strong></span> <span class='ocrx_word' id='word_1_49' title='bbox 831 1101 917 1185; x_wconf 81' lang='lat' dir='ltr'><strong><em>feria</em></strong></span> <span class='ocrx_word' id='word_1_50' title='bbox 944 1109 1018 1168; x_wconf 84' lang='lat' dir='ltr'><strong><em>ente</em></strong></span> <span class='ocrx_word' id='word_1_51' title='bbox 1036 1099 1159 1187; x_wconf 77' lang='lat' dir='ltr'><strong><em>pescia</em></strong></span> <span class='ocrx_word' id='word_1_52' title='bbox 1181 1102 1226 1168; x_wconf 83' lang='lat' dir='ltr'><strong><em>eie</em></strong></span> 
     </span>
    </p>
   </div>
   <div class='ocr_carea' id='block_1_4' title="bbox 134 1208 1224 1279">
    <p class='ocr_par' dir='ltr' id='par_1_4' title="bbox 134 1208 1224 1279">
     <span class='ocr_line' id='line_1_9' title="bbox 134 1208 1224 1279; baseline 0.001 -4"><span class='ocrx_word' id='word_1_53' title='bbox 134 1213 350 1279; x_wconf 80' lang='lat' dir='ltr'><strong><em>remittendam</em></strong></span> <span class='ocrx_word' id='word_1_54' title='bbox 374 1232 524 1276; x_wconf 83' lang='lat' dir='ltr'><strong><em>romanae</em></strong></span> <span class='ocrx_word' id='word_1_55' title='bbox 547 1209 689 1277; x_wconf 86' lang='lat' dir='ltr'><strong><em>ecclesiae</em></strong></span> <span class='ocrx_word' id='word_1_56' title='bbox 711 1209 899 1275; x_wconf 69' lang='lat' dir='ltr'><strong><em>consuetudo</em></strong></span> <span class='ocrx_word' id='word_1_57' title='bbox 923 1209 1125 1277; x_wconf 82' lang='lat' dir='ltr'><strong><em>denaonstrot.</em></strong></span> <span class='ocrx_word' id='word_1_58' title='bbox 1172 1208 1224 1276; x_wconf 77' lang='lat' dir='ltr'><strong><em>oe·</em></strong></span> 
     </span>
    </p>
   </div>
   <div class='ocr_carea' id='block_1_5' title="bbox 28 1316 1249 1409">
    <p class='ocr_par' dir='ltr' id='par_1_5' title="bbox 28 1316 1249 1409">
     <span class='ocr_line' id='line_1_10' title="bbox 28 1316 1249 1409; baseline -0.006 -21"><span class='ocrx_word' id='word_1_59' title='bbox 28 1390 35 1397; x_wconf 71' lang='grc'><strong>,</strong></span> <span class='ocrx_word' id='word_1_60' title='bbox 133 1329 232 1386; x_wconf 85' lang='lat' dir='ltr'><strong><em>terum</em></strong></span> <span class='ocrx_word' id='word_1_61' title='bbox 248 1320 438 1406; x_wconf 80' lang='lat' dir='ltr'><strong><em>dependere</em></strong></span> <span class='ocrx_word' id='word_1_62' title='bbox 456 1319 652 1387; x_wconf 80' lang='lat' dir='ltr'><strong><em>aestimtaado</em></strong></span> <span class='ocrx_word' id='word_1_63' title='bbox 677 1316 862 1385; x_wconf 76' lang='lat' dir='ltr'><strong><em>delictorum</em></strong></span> <span class='ocrx_word' id='word_1_64' title='bbox 883 1317 1056 1386; x_wconf 69' lang='lat' dir='ltr'><strong><em>sacerdotis</em></strong></span> <span class='ocrx_word' id='word_1_65' title='bbox 1080 1325 1124 1383; x_wconf 89' lang='lat' dir='ltr'><strong><em>est</em></strong></span> <span class='ocrx_word' id='word_1_66' title='bbox 1139 1317 1224 1383; x_wconf 85' lang='lat' dir='ltr'><strong><em>iudi·</em></strong></span> <span class='ocrx_word' id='word_1_67' title='bbox 1246 1401 1249 1409; x_wconf 29' lang='grc' dir='ltr'><strong><em>Ι</em></strong></span> 
     </span>
    </p>
   </div>
   <div class='ocr_carea' id='block_1_6' title="bbox 33 1423 1275 3352">
    <p class='ocr_par' dir='ltr' id='par_1_6' title="bbox 33 1423 1275 3352">
     <span class='ocr_line' id='line_1_11' title="bbox 132 1423 1226 1519; baseline -0.002 -24"><span class='ocrx_word' id='word_1_68' title='bbox 132 1449 215 1512; x_wconf 81' lang='lat' dir='ltr'><strong><em>cone,</em></strong></span> <span class='ocrx_word' id='word_1_69' title='bbox 246 1436 280 1494; x_wconf 83' lang='lat' dir='ltr'><strong><em>at</em></strong></span> <span class='ocrx_word' id='word_1_70' title='bbox 300 1427 462 1506; x_wconf 17' lang='lat' dir='ltr'><strong><em>*adtendat</em></strong></span> <span class='ocrx_word' id='word_1_71' title='bbox 485 1428 529 1519; x_wconf 88' lang='lat' dir='ltr'><strong><em>od</em></strong></span> <span class='ocrx_word' id='word_1_72' title='bbox 553 1426 777 1509; x_wconf 80' lang='lat' dir='ltr'><strong><em>cenfessionem</em></strong></span> <span class='ocrx_word' id='word_1_73' title='bbox 804 1427 993 1518; x_wconf 82' lang='lat' dir='ltr'><strong><em>poenitentis</em></strong></span> <span class='ocrx_word' id='word_1_74' title='bbox 1016 1434 1044 1492; x_wconf 89' lang='lat' dir='ltr'><strong><em>ct</em></strong></span> <span class='ocrx_word' id='word_1_75' title='bbox 1067 1425 1113 1493; x_wconf 84' lang='lat' dir='ltr'><strong><em>ad</em></strong></span> <span class='ocrx_word' id='word_1_76' title='bbox 1134 1423 1226 1510; x_wconf 72' lang='lat' dir='ltr'><strong><em>fletus</em></strong></span> 
     </span>
     <span class='ocr_line' id='line_1_12' title="bbox 132 1524 1226 1623; baseline -0.002 -19"><span class='ocrx_word' id='word_1_77' title='bbox 132 1547 223 1623; x_wconf 74' lang='lat' dir='ltr'><strong><em>atque</em></strong></span> <span class='ocrx_word' id='word_1_78' title='bbox 238 1535 388 1602; x_wconf 73' lang='lat' dir='ltr'><strong><em>lacrimas</em></strong></span> <span class='ocrx_word' id='word_1_79' title='bbox 404 1530 611 1622; x_wconf 75' lang='lat' dir='ltr'><strong><em>corripentis¹</em></strong></span> <span class='ocrx_word' id='word_1_80' title='bbox 627 1554 665 1602; x_wconf 90' lang='lat' dir='ltr'><strong><em>ac</em></strong></span> <span class='ocrx_word' id='word_1_81' title='bbox 680 1524 866 1601; x_wconf 74' lang='lat' dir='ltr'><strong><em>temtatori</em></strong></span> <span class='ocrx_word' id='word_1_82' title='bbox 882 1534 1008 1615; x_wconf 88' lang='lat' dir='ltr'><strong><em>dimitti,</em></strong></span> <span class='ocrx_word' id='word_1_83' title='bbox 1025 1555 1095 1600; x_wconf 86' lang='lat' dir='ltr'><strong><em>cum</em></strong></span> <span class='ocrx_word' id='word_1_84' title='bbox 1111 1533 1226 1602; x_wconf 84' lang='lat' dir='ltr'><strong><em>viderit</em></strong></span> 
     </span>
     <span class='ocr_line' id='line_1_13' title="bbox 132 1636 1224 1731; baseline -0.003 -20"><span class='ocrx_word' id='word_1_85' title='bbox 132 1665 303 1728; x_wconf 69' lang='lat' dir='ltr'><strong><em>camoenam</em></strong></span> <span class='ocrx_word' id='word_1_86' title='bbox 326 1644 584 1729; x_wconf 76' lang='lat' dir='ltr'><strong><em>satisfactionem.</em></strong></span> <span class='ocrx_word' id='word_1_87' title='bbox 625 1644 708 1710; x_wconf 86' lang='lat' dir='ltr'><strong><em>Sane</em></strong></span> <span class='ocrx_word' id='word_1_88' title='bbox 726 1646 756 1710; x_wconf 84' lang='lat' dir='ltr'><strong><em>si</em></strong></span> <span class='ocrx_word' id='word_1_89' title='bbox 770 1636 910 1731; x_wconf 71' lang='lat' dir='ltr'><strong><em>qnis&#39;in²</em></strong></span> <span class='ocrx_word' id='word_1_90' title='bbox 928 1643 1160 1728; x_wconf 70' lang='lat' dir='ltr'><strong><em>aceritadinem</em></strong></span> <span class='ocrx_word' id='word_1_91' title='bbox 1176 1644 1224 1708; x_wconf 83' lang='lat' dir='ltr'><strong><em>in·</em></strong></span> 
     </span>
     <span class='ocr_line' id='line_1_14' title="bbox 133 1752 1226 1838; baseline 0 -20"><span class='ocrx_word' id='word_1_92' title='bbox 133 1755 253 1832; x_wconf 78' lang='lat' dir='ltr'><strong><em>ciderit,</em></strong></span> <span class='ocrx_word' id='word_1_93' title='bbox 277 1761 369 1838; x_wconf 78' lang='lat' dir='ltr'><strong><em>atque</em></strong></span> <span class='ocrx_word' id='word_1_94' title='bbox 392 1774 487 1838; x_wconf 78' lang='lat' dir='ltr'><strong><em>usqae</em></strong></span> <span class='ocrx_word' id='word_1_95' title='bbox 510 1753 554 1817; x_wconf 88' lang='lat' dir='ltr'><strong><em>od</em></strong></span> <span class='ocrx_word' id='word_1_96' title='bbox 577 1753 825 1838; x_wconf 79' lang='lat' dir='ltr'><strong><em>desperationem</em></strong></span> <span class='ocrx_word' id='word_1_97' title='bbox 844 1752 1009 1832; x_wconf 79' lang='lat' dir='ltr'><strong><em>devenerit,</em></strong></span> <span class='ocrx_word' id='word_1_98' title='bbox 1034 1752 1063 1817; x_wconf 89' lang='lat' dir='ltr'><strong><em>ci</em></strong></span> <span class='ocrx_word' id='word_1_99' title='bbox 1085 1757 1129 1818; x_wconf 87' lang='lat' dir='ltr'><strong><em>est</em></strong></span> <span class='ocrx_word' id='word_1_100' title='bbox 1152 1758 1226 1819; x_wconf 70' lang='lat' dir='ltr'><strong><em>anm</em></strong></span> 
     </span>
     <span class='ocr_line' id='line_1_15' title="bbox 132 1858 1227 1948; baseline -0.003 -21"><span class='ocrx_word' id='word_1_101' title='bbox 132 1871 251 1948; x_wconf 70' lang='lat' dir='ltr'><strong><em>ternpus</em></strong></span> <span class='ocrx_word' id='word_1_102' title='bbox 277 1861 414 1948; x_wconf 72' lang='lat' dir='ltr'><strong><em>paschae</em></strong></span> <span class='ocrx_word' id='word_1_103' title='bbox 445 1859 671 1943; x_wconf 73' lang='lat' dir='ltr'><strong><em>relucentium,</em></strong></span> <span class='ocrx_word' id='word_1_104' title='bbox 704 1882 742 1926; x_wconf 85' lang='lat' dir='ltr'><strong><em>m</em></strong></span> <span class='ocrx_word' id='word_1_105' title='bbox 772 1861 811 1926; x_wconf 86' lang='lat' dir='ltr'><strong><em>otc</em></strong></span> <span class='ocrx_word' id='word_1_106' title='bbox 841 1860 963 1926; x_wconf 80' lang='lat' dir='ltr'><strong><em>caecata</em></strong></span> <span class='ocrx_word' id='word_1_107' title='bbox 995 1858 1109 1945; x_wconf 80' lang='lat' dir='ltr'><strong><em>aisque</em></strong></span> <span class='ocrx_word' id='word_1_108' title='bbox 1139 1876 1227 1924; x_wconf 70' lang='lat' dir='ltr'><strong><em>ciem·</em></strong></span> 
     </span>
     <span class='ocr_line' id='line_1_16' title="bbox 134 1963 1222 2051; baseline -0.001 -17"><span class='ocrx_word' id='word_1_109' title='bbox 134 1974 278 2036; x_wconf 75' lang='lat' dir='ltr'><strong><em>tennione</em></strong></span> <span class='ocrx_word' id='word_1_110' title='bbox 302 1963 482 2036; x_wconf 75' lang='lat' dir='ltr'><strong><em>discedat‘³.</em></strong></span> <span class='ocrx_word' id='word_1_111' title='bbox 519 1966 592 2034; x_wconf 90' lang='lat' dir='ltr'><strong><em>Hoc</em></strong></span> <span class='ocrx_word' id='word_1_112' title='bbox 616 1984 694 2051; x_wconf 82' lang='lat' dir='ltr'><strong><em>ergo</em></strong></span> <span class='ocrx_word' id='word_1_113' title='bbox 718 1972 797 2034; x_wconf 87' lang='lat' dir='ltr'><strong><em>ente</em></strong></span> <span class='ocrx_word' id='word_1_114' title='bbox 821 1966 930 2034; x_wconf 86' lang='lat' dir='ltr'><strong><em>omniu</em></strong></span> <span class='ocrx_word' id='word_1_115' title='bbox 953 1965 1135 2034; x_wconf 85' lang='lat' dir='ltr'><strong><em>cavendum</em></strong></span> <span class='ocrx_word' id='word_1_116' title='bbox 1161 1970 1222 2046; x_wconf 89' lang='lat' dir='ltr'><strong><em>est,</em></strong></span> 
     </span>
     <span class='ocr_line' id='line_1_17' title="bbox 132 2072 1275 2159; baseline 0 -18"><span class='ocrx_word' id='word_1_117' title='bbox 132 2095 174 2141; x_wconf 89' lang='lat' dir='ltr'><strong><em>ne</em></strong></span> <span class='ocrx_word' id='word_1_118' title='bbox 205 2075 239 2142; x_wconf 90' lang='lat' dir='ltr'><strong><em>in</em></strong></span> <span class='ocrx_word' id='word_1_119' title='bbox 272 2074 429 2142; x_wconf 83' lang='lat' dir='ltr'><strong><em>extremis</em></strong></span> <span class='ocrx_word' id='word_1_120' title='bbox 459 2072 667 2159; x_wconf 75' lang='lat' dir='ltr'><strong><em>poenitenti⁴</em></strong></span> <span class='ocrx_word' id='word_1_121' title='bbox 699 2074 904 2158; x_wconf 87' lang='lat' dir='ltr'><strong><em>poenitentia</em></strong></span> <span class='ocrx_word' id='word_1_122' title='bbox 935 2080 971 2141; x_wconf 93' lang='lat' dir='ltr'><strong><em>et</em></strong></span> <span class='ocrx_word' id='word_1_123' title='bbox 1002 2073 1224 2142; x_wconf 77' lang='lat' dir='ltr'><strong><em>reconciliatio</em></strong></span> <span class='ocrx_word' id='word_1_124' title='bbox 1271 2087 1275 2093; x_wconf 88' lang='grc'><strong><em>·</em></strong></span> 
     </span>
     <span class='ocr_line' id='line_1_18' title="bbox 133 2181 1224 2269; baseline 0 -19"><span class='ocrx_word' id='word_1_125' title='bbox 133 2183 325 2269; x_wconf 76' lang='lat' dir='ltr'><strong><em>denegetur,</em></strong></span> <span class='ocrx_word' id='word_1_126' title='bbox 355 2203 397 2250; x_wconf 91' lang='lat' dir='ltr'><strong><em>ne</em></strong></span> <span class='ocrx_word' id='word_1_127' title='bbox 419 2183 453 2250; x_wconf 91' lang='lat' dir='ltr'><strong><em>iu</em></strong></span> <span class='ocrx_word' id='word_1_128' title='bbox 478 2182 709 2267; x_wconf 80' lang='lat' dir='ltr'><strong><em>desperatione</em></strong></span> <span class='ocrx_word' id='word_1_129' title='bbox 732 2190 860 2268; x_wconf 90' lang='lat' dir='ltr'><strong><em>pereat,</em></strong></span> <span class='ocrx_word' id='word_1_130' title='bbox 893 2182 971 2265; x_wconf 88' lang='lat' dir='ltr'><strong><em>quia</em></strong></span> <span class='ocrx_word' id='word_1_131' title='bbox 993 2182 1102 2267; x_wconf 82' lang='lat' dir='ltr'><strong><em>pietas</em></strong></span> <span class='ocrx_word' id='word_1_132' title='bbox 1126 2181 1224 2250; x_wconf 89' lang='lat' dir='ltr'><strong><em>omui·</em></strong></span> 
     </span>
     <span class='ocr_line' id='line_1_19' title="bbox 132 2291 1225 2377; baseline -0.002 -17"><span class='ocrx_word' id='word_1_133' title='bbox 132 2291 278 2375; x_wconf 88' lang='lat' dir='ltr'><strong><em>potentis</em></strong></span> <span class='ocrx_word' id='word_1_134' title='bbox 303 2291 355 2359; x_wconf 89' lang='lat' dir='ltr'><strong><em>dei</em></strong></span> <span class='ocrx_word' id='word_1_135' title='bbox 379 2292 483 2377; x_wconf 84' lang='lat' dir='ltr'><strong><em>adse</em></strong></span> <span class='ocrx_word' id='word_1_136' title='bbox 507 2292 623 2374; x_wconf 89' lang='lat' dir='ltr'><strong><em>quovis</em></strong></span> <span class='ocrx_word' id='word_1_137' title='bbox 640 2298 790 2375; x_wconf 89' lang='lat' dir='ltr'><strong><em>tempore</em></strong></span> <span class='ocrx_word' id='word_1_138' title='bbox 806 2291 1013 2359; x_wconf 80' lang='lat' dir='ltr'><strong><em>concurrenti</em></strong></span> <span class='ocrx_word' id='word_1_139' title='bbox 1031 2309 1225 2359; x_wconf 87' lang='lat' dir='ltr'><strong><em>succurrere</em></strong></span> 
     </span>
     <span class='ocr_line' id='line_1_20' title="bbox 131 2397 1224 2484; baseline -0.002 -16"><span class='ocrx_word' id='word_1_140' title='bbox 131 2402 224 2468; x_wconf 83' lang='lat' dir='ltr'><strong><em>volet</em></strong></span> <span class='ocrx_word' id='word_1_141' title='bbox 248 2409 283 2468; x_wconf 86' lang='lat' dir='ltr'><strong><em>et</em></strong></span> <span class='ocrx_word' id='word_1_142' title='bbox 297 2399 540 2484; x_wconf 81' lang='lat' dir='ltr'><strong><em>periclitantem</em></strong></span> <span class='ocrx_word' id='word_1_143' title='bbox 565 2401 627 2467; x_wconf 86' lang='lat' dir='ltr'><strong><em>sub</em></strong></span> <span class='ocrx_word' id='word_1_144' title='bbox 643 2397 764 2467; x_wconf 75' lang='lat' dir='ltr'><strong><em>onere⁶</em></strong></span> <span class='ocrx_word' id='word_1_145' title='bbox 787 2407 998 2483; x_wconf 81' lang='lat' dir='ltr'><strong><em>peccatorum</em></strong></span> <span class='ocrx_word' id='word_1_146' title='bbox 1014 2406 1128 2483; x_wconf 88' lang='lat' dir='ltr'><strong><em>potest</em></strong></span> <span class='ocrx_word' id='word_1_147' title='bbox 1151 2400 1224 2467; x_wconf 72' lang='lat' dir='ltr'><strong><em>sun</em></strong></span> 
     </span>
     <span class='ocr_line' id='line_1_21' title="bbox 131 2506 1238 2592; baseline 0.001 -17"><span class='ocrx_word' id='word_1_148' title='bbox 131 2509 253 2577; x_wconf 83' lang='lat' dir='ltr'><strong><em>levore.</em></strong></span> <span class='ocrx_word' id='word_1_149' title='bbox 290 2506 519 2576; x_wconf 70' lang='lat' dir='ltr'><strong><em>Perdidisset⁸</em></strong></span> <span class='ocrx_word' id='word_1_150' title='bbox 537 2510 625 2576; x_wconf 84' lang='lat' dir='ltr'><strong><em>letro</em></strong></span> <span class='ocrx_word' id='word_1_151' title='bbox 640 2509 682 2576; x_wconf 85' lang='lat' dir='ltr'><strong><em>in</em></strong></span> <span class='ocrx_word' id='word_1_152' title='bbox 706 2527 804 2576; x_wconf 86' lang='lat' dir='ltr'><strong><em>cruce</em></strong></span> <span class='ocrx_word' id='word_1_153' title='bbox 825 2508 1007 2592; x_wconf 84' lang='lat' dir='ltr'><strong><em>praemium</em></strong></span> <span class='ocrx_word' id='word_1_154' title='bbox 1032 2509 1075 2576; x_wconf 83' lang='lat' dir='ltr'><strong><em>ed</em></strong></span> <span class='ocrx_word' id='word_1_155' title='bbox 1100 2507 1238 2576; x_wconf 84' lang='lat' dir='ltr'><strong><em>Christi·</em></strong></span> 
     </span>
     <span class='ocr_line' id='line_1_22' title="bbox 132 2616 1224 2700; baseline 0 -16"><span class='ocrx_word' id='word_1_156' title='bbox 132 2618 302 2684; x_wconf 83' lang='lat' dir='ltr'><strong><em>dexterem</em></strong></span> <span class='ocrx_word' id='word_1_157' title='bbox 326 2617 483 2700; x_wconf 69' lang='lat' dir='ltr'><strong><em>pendens</em></strong></span> <span class='ocrx_word' id='word_1_158' title='bbox 514 2617 546 2684; x_wconf 66' lang='lat' dir='ltr'><strong><em>&#39;si</em></strong></span> <span class='ocrx_word' id='word_1_159' title='bbox 568 2617 660 2684; x_wconf 84' lang='lat' dir='ltr'><strong><em>ilium</em></strong></span> <span class='ocrx_word' id='word_1_160' title='bbox 684 2617 781 2684; x_wconf 90' lang='lat' dir='ltr'><strong><em>unius</em></strong></span> <span class='ocrx_word' id='word_1_161' title='bbox 805 2618 907 2684; x_wconf 81' lang='lat' dir='ltr'><strong><em>horne</em></strong></span> <span class='ocrx_word' id='word_1_162' title='bbox 930 2616 1135 2700; x_wconf 79' lang='lat' dir='ltr'><strong><em>poenitentia</em></strong></span> <span class='ocrx_word' id='word_1_163' title='bbox 1159 2634 1224 2684; x_wconf 91' lang='lat' dir='ltr'><strong><em>uon</em></strong></span> 
     </span>
     <span class='ocr_line' id='line_1_23' title="bbox 130 2721 1224 2809; baseline -0.001 -15"><span class='ocrx_word' id='word_1_164' title='bbox 130 2721 300 2794; x_wconf 73' lang='lat' dir='ltr'><strong><em>iusisset⁷.</em></strong></span> <span class='ocrx_word' id='word_1_165' title='bbox 350 2725 431 2793; x_wconf 86' lang='lat' dir='ltr'><strong><em>Cum</em></strong></span> <span class='ocrx_word' id='word_1_166' title='bbox 456 2731 547 2794; x_wconf 89' lang='lat' dir='ltr'><strong><em>esset</em></strong></span> <span class='ocrx_word' id='word_1_167' title='bbox 568 2725 602 2792; x_wconf 93' lang='lat' dir='ltr'><strong><em>in</em></strong></span> <span class='ocrx_word' id='word_1_168' title='bbox 633 2745 748 2808; x_wconf 88' lang='lat' dir='ltr'><strong><em>poena,</em></strong></span> <span class='ocrx_word' id='word_1_169' title='bbox 780 2724 945 2809; x_wconf 90' lang='lat' dir='ltr'><strong><em>poenituit</em></strong></span> <span class='ocrx_word' id='word_1_170' title='bbox 977 2731 1013 2792; x_wconf 93' lang='lat' dir='ltr'><strong><em>et</em></strong></span> <span class='ocrx_word' id='word_1_171' title='bbox 1043 2745 1103 2809; x_wconf 89' lang='lat' dir='ltr'><strong><em>per</em></strong></span> <span class='ocrx_word' id='word_1_172' title='bbox 1126 2724 1224 2793; x_wconf 89' lang='lat' dir='ltr'><strong><em>unius</em></strong></span> 
     </span>
     <span class='ocr_line' id='line_1_24' title="bbox 133 2832 1224 2918; baseline 0.001 -18"><span class='ocrx_word' id='word_1_173' title='bbox 133 2834 291 2901; x_wconf 87' lang='lat' dir='ltr'><strong><em>sermonis</em></strong></span> <span class='ocrx_word' id='word_1_174' title='bbox 331 2832 568 2917; x_wconf 80' lang='lat' dir='ltr'><strong><em>professionem</em></strong></span> <span class='ocrx_word' id='word_1_175' title='bbox 603 2832 829 2901; x_wconf 76' lang='lat' dir='ltr'><strong><em>habitaculum</em></strong></span> <span class='ocrx_word' id='word_1_176' title='bbox 868 2832 1014 2917; x_wconf 80' lang='lat' dir='ltr'><strong><em>peradisi</em></strong></span> <span class='ocrx_word' id='word_1_177' title='bbox 1052 2832 1114 2900; x_wconf 91' lang='lat' dir='ltr'><strong><em>deo</em></strong></span> <span class='ocrx_word' id='word_1_178' title='bbox 1152 2852 1224 2918; x_wconf 82' lang='lat' dir='ltr'><strong><em>prc</em></strong></span> 
     </span>
     <span class='ocr_line' id='line_1_25' title="bbox 132 2925 1223 3026; baseline 0.001 -17"><span class='ocrx_word' id='word_1_179' title='bbox 132 2942 289 3010; x_wconf 87' lang='lat' dir='ltr'><strong><em>mittente</em></strong></span> <span class='ocrx_word' id='word_1_180' title='bbox 318 2943 508 3026; x_wconf 85' lang='lat' dir='ltr'><strong><em>promeruit.</em></strong></span> <span class='ocrx_word' id='word_1_181' title='bbox 557 2942 647 3009; x_wconf 69' lang='lat' dir='ltr'><strong><em>Vera</em></strong></span> <span class='ocrx_word' id='word_1_182' title='bbox 679 2961 757 3026; x_wconf 82' lang='lat' dir='ltr'><strong><em>ergo</em></strong></span> <span class='ocrx_word' id='word_1_183' title='bbox 788 2941 831 3008; x_wconf 84' lang='lat' dir='ltr'><strong><em>ed</em></strong></span> <span class='ocrx_word' id='word_1_184' title='bbox 860 2925 958 3009; x_wconf 81' lang='lat' dir='ltr'><strong><em>deum</em></strong></span> <span class='ocrx_word' id='word_1_185' title='bbox 991 2942 1161 3010; x_wconf 83' lang='lat' dir='ltr'><strong><em>conversio</em></strong></span> <span class='ocrx_word' id='word_1_186' title='bbox 1189 2941 1223 3010; x_wconf 88' lang='lat' dir='ltr'><strong><em>in</em></strong></span> 
     </span>
     <span class='ocr_line' id='line_1_26' title="bbox 132 3049 1224 3135; baseline 0.001 -18"><span class='ocrx_word' id='word_1_187' title='bbox 132 3050 257 3118; x_wconf 87' lang='lat' dir='ltr'><strong><em>ultimis</em></strong></span> <span class='ocrx_word' id='word_1_188' title='bbox 287 3050 469 3135; x_wconf 83' lang='lat' dir='ltr'><strong><em>positorum</em></strong></span> <span class='ocrx_word' id='word_1_189' title='bbox 500 3060 613 3118; x_wconf 89' lang='lat' dir='ltr'><strong><em>mente</em></strong></span> <span class='ocrx_word' id='word_1_190' title='bbox 642 3050 754 3134; x_wconf 89' lang='lat' dir='ltr'><strong><em>potius</em></strong></span> <span class='ocrx_word' id='word_1_191' title='bbox 786 3056 840 3117; x_wconf 91' lang='lat' dir='ltr'><strong><em>est</em></strong></span> <span class='ocrx_word' id='word_1_192' title='bbox 870 3049 1091 3130; x_wconf 84' lang='lat' dir='ltr'><strong><em>aestimande,</em></strong></span> <span class='ocrx_word' id='word_1_193' title='bbox 1125 3069 1224 3133; x_wconf 85' lang='lat' dir='ltr'><strong><em>quam</em></strong></span> 
     </span>
     <span class='ocr_line' id='line_1_27' title="bbox 33 3155 1221 3252; baseline -0.001 -26"><span class='ocrx_word' id='word_1_194' title='bbox 33 3242 38 3252; x_wconf 90' lang='lat'>.</span> <span class='ocrx_word' id='word_1_195' title='bbox 74 3230 77 3235; x_wconf 65' lang='grc'><strong>,</strong></span> <span class='ocrx_word' id='word_1_196' title='bbox 133 3169 280 3243; x_wconf 85' lang='lat' dir='ltr'><strong><em>tempore</em></strong></span> <span class='ocrx_word' id='word_1_197' title='bbox 305 3155 344 3225; x_wconf 79' lang='lat' dir='ltr'><strong><em>e⁸</em></strong></span> <span class='ocrx_word' id='word_1_198' title='bbox 368 3160 530 3243; x_wconf 86' lang='lat' dir='ltr'><strong><em>prophete</em></strong></span> <span class='ocrx_word' id='word_1_199' title='bbox 553 3159 616 3226; x_wconf 89' lang='lat' dir='ltr'><strong><em>hoc</em></strong></span> <span class='ocrx_word' id='word_1_200' title='bbox 639 3158 754 3248; x_wconf 69' lang='lat' dir='ltr'><strong><em>taliter</em></strong></span> <span class='ocrx_word' id='word_1_201' title='bbox 777 3157 992 3226; x_wconf 64' lang='lat' dir='ltr'><strong><em>adserenteb:</em></strong></span> <span class='ocrx_word' id='word_1_202' title='bbox 1029 3161 1127 3244; x_wconf 78' lang='lat' dir='ltr'><strong><em>„Gom</em></strong></span> <span class='ocrx_word' id='word_1_203' title='bbox 1150 3181 1221 3227; x_wconf 89' lang='lat' dir='ltr'><strong><em>con·</em></strong></span> 
     </span>
     <span class='ocr_line' id='line_1_28' title="bbox 134 3266 956 3352; baseline -0.004 -17"><span class='ocrx_word' id='word_1_204' title='bbox 134 3291 247 3352; x_wconf 75' lang='lat' dir='ltr'><strong><em>cereces,</em></strong></span> <span class='ocrx_word' id='word_1_205' title='bbox 270 3266 387 3350; x_wconf 85' lang='lat' dir='ltr'><strong><em>inquit,</em></strong></span> <span class='ocrx_word' id='word_1_206' title='bbox 414 3272 610 3352; x_wconf 65' lang='lat' dir='ltr'><strong><em>inpemuerm,</em></strong></span> <span class='ocrx_word' id='word_1_207' title='bbox 636 3279 709 3334; x_wconf 86' lang='lat' dir='ltr'><strong><em>tunc</em></strong></span> <span class='ocrx_word' id='word_1_208' title='bbox 731 3268 839 3335; x_wconf 83' lang='lat' dir='ltr'><strong><em>salens</em></strong></span> <span class='ocrx_word' id='word_1_209' title='bbox 862 3267 956 3335; x_wconf 82' lang='lat' dir='ltr'><strong><em>eris“.</em></strong></span> 
     </span>
    </p>
   </div>
   <div class='ocr_carea' id='block_1_7' title="bbox 146 3380 1340 3480">
    <p class='ocr_par' dir='ltr' id='par_1_7' title="bbox 146 3380 1340 3480">
     <span class='ocr_line' id='line_1_29' title="bbox 146 3380 1340 3480; baseline 0 -16"><span class='ocrx_word' id='word_1_210' title='bbox 146 3413 150 3417; x_wconf 61' lang='grc'><em>’</em></span> <span class='ocrx_word' id='word_1_211' title='bbox 223 3409 478 3480; x_wconf 57' lang='lat' dir='ltr'><strong><em>metrumne</em></strong></span> <span class='ocrx_word' id='word_1_212' title='bbox 499 3408 683 3466; x_wconf 69' lang='lat' dir='ltr'><strong><em>manicone.</em></strong></span> <span class='ocrx_word' id='word_1_213' title='bbox 697 3409 988 3479; x_wconf 75' lang='lat' dir='ltr'><strong><em>eeu..e.m.p.1oee.</em></strong></span> <span class='ocrx_word' id='word_1_214' title='bbox 1009 3407 1222 3465; x_wconf 73' lang='lat' dir='ltr'><strong><em>nabbe-oo.</em></strong></span> <span class='ocrx_word' id='word_1_215' title='bbox 1281 3380 1284 3386; x_wconf 77' lang='grc'><strong>’</strong></span> <span class='ocrx_word' id='word_1_216' title='bbox 1337 3390 1340 3397; x_wconf 81' lang='grc'><em>“</em></span> 
     </span>
    </p>
   </div>
   <div class='ocr_carea' id='block_1_8' title="bbox 132 3493 1221 3669">
    <p class='ocr_par' dir='ltr' id='par_1_8' title="bbox 132 3493 1221 3669">
     <span class='ocr_line' id='line_1_30' title="bbox 132 3493 1221 3578; baseline -0.003 -22"><span class='ocrx_word' id='word_1_217' title='bbox 132 3508 152 3556; x_wconf 89' lang='lat' dir='ltr'><strong><em>t.</em></strong></span> <span class='ocrx_word' id='word_1_218' title='bbox 166 3500 217 3556; x_wconf 90' lang='lat'>111.</span> <span class='ocrx_word' id='word_1_219' title='bbox 238 3517 264 3571; x_wconf 82' lang='lat' dir='ltr'><strong><em>p.</em></strong></span> <span class='ocrx_word' id='word_1_220' title='bbox 278 3500 303 3555; x_wconf 82' lang='lat'><strong><em>4.</em></strong></span> <span class='ocrx_word' id='word_1_221' title='bbox 342 3502 357 3541; x_wconf 79' lang='lat' dir='ltr'>b</span> <span class='ocrx_word' id='word_1_222' title='bbox 378 3501 412 3555; x_wconf 82' lang='lat' dir='ltr'><strong><em>Is.</em></strong></span> <span class='ocrx_word' id='word_1_223' title='bbox 427 3499 515 3567; x_wconf 84' lang='lat' dir='ltr'>XXX,</span> <span class='ocrx_word' id='word_1_224' title='bbox 536 3499 578 3566; x_wconf 80' lang='lat'><strong><em>15,</em></strong></span> <span class='ocrx_word' id='word_1_225' title='bbox 598 3516 650 3556; x_wconf 84' lang='lat' dir='ltr'><strong><em>sec.</em></strong></span> <span class='ocrx_word' id='word_1_226' title='bbox 670 3499 763 3578; x_wconf 59' lang='lat' dir='ltr'><strong><em>mg</em></strong></span> <span class='ocrx_word' id='word_1_227' title='bbox 782 3497 851 3554; x_wconf 81' lang='grc' dir='ltr'><strong><em>ὅταν</em></strong></span> <span class='ocrx_word' id='word_1_228' title='bbox 870 3493 1061 3574; x_wconf 72' lang='grc' dir='ltr'><strong><em>ἀποστραφεὶς</em></strong></span> <span class='ocrx_word' id='word_1_229' title='bbox 1080 3497 1221 3576; x_wconf 63' lang='grc' dir='ltr'><strong><em>στενάξῃς,</em></strong></span> 
     </span>
     <span class='ocr_line' id='line_1_31' title="bbox 133 3590 892 3669; baseline 0 -23"><span class='ocrx_word' id='word_1_230' title='bbox 133 3590 191 3647; x_wconf 76' lang='grc' dir='ltr'><strong><em>τότε</em></strong></span> <span class='ocrx_word' id='word_1_231' title='bbox 212 3590 333 3669; x_wconf 67' lang='grc' dir='ltr'>σωθήσῃ.</span> <span class='ocrx_word' id='word_1_232' title='bbox 366 3594 415 3646; x_wconf 82' lang='lat' dir='ltr'><strong><em>cir.</em></strong></span> <span class='ocrx_word' id='word_1_233' title='bbox 436 3590 569 3659; x_wconf 76' lang='lat' dir='ltr'><strong><em>Substier,</em></strong></span> <span class='ocrx_word' id='word_1_234' title='bbox 589 3590 683 3646; x_wconf 81' lang='lat' dir='ltr'><strong><em>Biblia</em></strong></span> <span class='ocrx_word' id='word_1_235' title='bbox 701 3598 752 3647; x_wconf 84' lang='lat' dir='ltr'><strong><em>etc.</em></strong></span> <span class='ocrx_word' id='word_1_236' title='bbox 773 3590 811 3659; x_wconf 89' lang='lat'><strong><em>11,</em></strong></span> <span class='ocrx_word' id='word_1_237' title='bbox 830 3591 892 3646; x_wconf 75' lang='lat'><strong>566.</strong></span> 
     </span>
    </p>
   </div>
   <div class='ocr_carea' id='block_1_9' title="bbox 117 3709 1339 3789">
    <p class='ocr_par' dir='ltr' id='par_1_9' title="bbox 117 3709 1339 3789">
     <span class='ocr_line' id='line_1_32' title="bbox 117 3709 1339 3789; baseline -0.002 -15"><span class='ocrx_word' id='word_1_238' title='bbox 117 3713 121 3720; x_wconf 86' lang='grc'><strong>’</strong></span> <span class='ocrx_word' id='word_1_239' title='bbox 225 3718 430 3789; x_wconf 79' lang='lat' dir='ltr'><strong><em>¹corrigeudee</em></strong></span> <span class='ocrx_word' id='word_1_240' title='bbox 450 3734 550 3774; x_wconf 83' lang='lat' dir='ltr'><strong><em>oeexc.</em></strong></span> <span class='ocrx_word' id='word_1_241' title='bbox 570 3719 603 3781; x_wconf 86' lang='lat' dir='ltr'><strong><em>h;</em></strong></span> <span class='ocrx_word' id='word_1_242' title='bbox 623 3717 795 3789; x_wconf 80' lang='lat' dir='ltr'><strong><em>corrigendis</em></strong></span> <span class='ocrx_word' id='word_1_243' title='bbox 814 3718 840 3772; x_wconf 91' lang='lat' dir='ltr'><strong><em>h.</em></strong></span> <span class='ocrx_word' id='word_1_244' title='bbox 871 3716 940 3774; x_wconf 79' lang='lat' dir='ltr'><strong><em>&#39;nic</em></strong></span> <span class='ocrx_word' id='word_1_245' title='bbox 959 3734 1000 3788; x_wconf 89' lang='lat' dir='ltr'><strong><em>ep.</em></strong></span> <span class='ocrx_word' id='word_1_246' title='bbox 1014 3717 1221 3774; x_wconf 83' lang='lat' dir='ltr'><strong><em>Inuocosom.</em></strong></span> <span class='ocrx_word' id='word_1_247' title='bbox 1331 3709 1339 3718; x_wconf 81' lang='grc'><strong>’</strong></span> 
     </span>
    </p>
   </div>
   <div class='ocr_carea' id='block_1_10' title="bbox 133 3805 1220 3956">
    <p class='ocr_par' dir='ltr' id='par_1_10' title="bbox 133 3805 1220 3956">
     <span class='ocr_line' id='line_1_33' title="bbox 133 3805 1220 3878; baseline -0.003 -15"><span class='ocrx_word' id='word_1_248' title='bbox 133 3809 143 3838; x_wconf 79' lang='lat'>⁸</span> <span class='ocrx_word' id='word_1_249' title='bbox 162 3809 276 3866; x_wconf 85' lang='lat' dir='ltr'><strong><em>decedet</em></strong></span> <span class='ocrx_word' id='word_1_250' title='bbox 289 3809 324 3864; x_wconf 91' lang='lat' dir='ltr'><strong><em>P¹</em></strong></span> <span class='ocrx_word' id='word_1_251' title='bbox 344 3809 434 3864; x_wconf 86' lang='lat' dir='ltr'><strong><em>discat</em></strong></span> <span class='ocrx_word' id='word_1_252' title='bbox 452 3810 479 3865; x_wconf 81' lang='lat' dir='ltr'><strong><em>k.</em></strong></span> <span class='ocrx_word' id='word_1_253' title='bbox 509 3807 520 3840; x_wconf 82' lang='lat'><strong>⁴</strong></span> <span class='ocrx_word' id='word_1_254' title='bbox 540 3826 584 3864; x_wconf 91' lang='lat' dir='ltr'><strong><em>om</em></strong></span> <span class='ocrx_word' id='word_1_255' title='bbox 599 3824 629 3864; x_wconf 88' lang='lat' dir='ltr'><strong><em>oe</em></strong></span> <span class='ocrx_word' id='word_1_256' title='bbox 642 3825 698 3865; x_wconf 71' lang='lat' dir='ltr'><strong><em>exc,</em></strong></span> <span class='ocrx_word' id='word_1_257' title='bbox 714 3809 740 3864; x_wconf 92' lang='lat' dir='ltr'><strong><em>h.</em></strong></span> <span class='ocrx_word' id='word_1_258' title='bbox 770 3808 781 3839; x_wconf 73' lang='lat'><em>⁶</em></span> <span class='ocrx_word' id='word_1_259' title='bbox 801 3823 883 3864; x_wconf 85' lang='lat' dir='ltr'><strong><em>onore</em></strong></span> <span class='ocrx_word' id='word_1_260' title='bbox 895 3808 932 3864; x_wconf 77' lang='lat' dir='ltr'><strong><em>ut</em></strong></span> <span class='ocrx_word' id='word_1_261' title='bbox 960 3807 972 3840; x_wconf 80' lang='lat'>⁶</span> <span class='ocrx_word' id='word_1_262' title='bbox 990 3807 1141 3878; x_wconf 81' lang='lat' dir='ltr'><strong><em>deperisset</em></strong></span> <span class='ocrx_word' id='word_1_263' title='bbox 1155 3805 1220 3862; x_wconf 88' lang='lat' dir='ltr'>PP¹.</span> 
     </span>
     <span class='ocr_line' id='line_1_34' title="bbox 135 3897 574 3956; baseline -0.007 0"><span class='ocrx_word' id='word_1_264' title='bbox 135 3897 288 3956; x_wconf 72' lang='lat' dir='ltr'><strong><em>&#39;iurasset</em></strong></span> <span class='ocrx_word' id='word_1_265' title='bbox 309 3899 376 3955; x_wconf 86' lang='lat' dir='ltr'><strong>PP&#39;.</strong></span> <span class='ocrx_word' id='word_1_266' title='bbox 416 3898 489 3954; x_wconf 76' lang='lat' dir='ltr'><strong><em>&#39;om</em></strong></span> <span class='ocrx_word' id='word_1_267' title='bbox 510 3900 574 3955; x_wconf 88' lang='lat' dir='ltr'>PP¹.</span> 
     </span>
    </p>
   </div>
   <div class='ocr_carea' id='block_1_11' title="bbox 0 0 1376 4456">
    <p class='ocr_par' dir='ltr' id='par_1_11' title="bbox 0 0 1376 4456">
     <span class='ocr_line' id='line_1_35' title="bbox 0 0 1376 4456; baseline 0 0"><span class='ocrx_word' id='word_1_268' title='bbox 0 0 1376 4456; x_wconf 95' lang='lat' dir='ltr'><strong><em> </em></strong></span> 
     </span>
    </p>
   </div>
  </div>
 </body>
</html>
