2744 4456
466 220 779 311 ·-o-

131 438 246 508 Omnia
275 439 361 508 enirn
389 440 495 521 homo,
525 438 583 523 qni
609 446 723 509 rectae
750 439 828 509 fidei
855 440 972 509 existit
997 440 1167 527 particeps
1190 446 1227 509 et

131 568 225 617 sacro
248 548 451 633 baptismate
466 554 694 635 regeneratur,
718 568 740 617 e
756 546 890 617 Christo
905 546 1116 619 Christianus
1130 566 1226 619 voce
1282 573 1287 580 ¹

131 662 197 737 tnr,
231 663 266 725 et
296 656 350 724 dei
378 656 485 741 patris
513 662 617 741 etque
644 656 803 725 ecclesiae
829 654 947 725 hahis
974 656 1124 727 noacitnr
1151 676 1227 727 essa
1323 702 1325 709 ι

132 763 249 833 iilius¹.
274 758 468 851 „hainoie
487 767 657 850 (ecclesio),
674 788 824 854 cromam
838 775 894 850 sat,
919 760 1025 857 qooo'
1038 769 1074 834 is
1087 767 1225 835 latinum

131 879 265 950 vertitur
288 873 491 943 convocetio“
515 869 592 943 vel³
614 880 808 955 conventus,
835 896 891 957 „eo
915 876 1000 965 quod
1022 896 1128 944 ornnes
1150 898 1223 944 com
1260 942 1265 951 ,

128 993 220 1071 ⁴oocot
252 985 297 1051 od
325 982 387 1052 so“.
445 984 630 1069 „Catholioo
661 994 766 1051 ouum
795 980 948 1063 dicitu&
980 986 1018 1051 id
1049 980 1122 1051 est‘
1154 990 1225 1053 uni·

15 1167 18 1172 ,
130 1088 295 1175 coedis&
327 1089 405 1175 quie
427 1089 463 1158 in
486 1094 559 1158 toto
583 1086 724 1159 mnndo⁶
754 1109 822 1159 nna
846 1096 900 1159 est
922 1090 1063 1160 ecclesia
1089 1089 1225 1175 Christi,
1309 1090 1312 1095 ’

27 1206 31 1215 ’
134 1217 220 1281 qnae
245 1204 280 1266 et
304 1195 445 1283 sponse⁸
469 1204 504 1266 et
527 1216 646 1297 corpus
670 1197 741 1281 eins
765 1203 828 1269 ont.
937 1258 941 1267 .

581 1458 584 1465 .
613 1395 693 1481 Cep.
719 1400 750 1467 2.

271 1557 333 1626 DE
357 1557 520 1627 TRIBUS
544 1557 794 1628 ORDINIBUS
817 1556 1080 1627 Eccnnslan.
1110 1650 1117 1664 ·

147 1812 150 1817 ἱ
222 1721 307 1790 Sunt
324 1728 437 1790 temen
453 1727 524 1790 tres
547 1721 679 1791 ordines
698 1722 733 1791 in
754 1722 909 1791 ecclesia:
926 1723 1195 1794 conversantium
1202 1719 1224 1806 ²,

130 1830 165 1898 id
200 1837 253 1899 est
286 1822 454 1912 leico'rnm,
490 1831 724 1900 monachornm
760 1837 795 1900 et
830 1831 1031 1901 clericorum.
1078 1826 1226 1923 Quomin

130 1939 265 2023 primns,
290 1939 325 2006 id
349 1944 402 2007 cst
424 1939 528 2008 laicus
552 1940 641 2020 ordo,
669 1942 856 2030 „popsdorie
878 1945 1115 2029 intemeratae.
1147 1938 1226 2013 taos

224 2189 381 2248 ¹Ecolesia
401 2207 467 2262 ergo
494 2190 539 2248 dei
563 2191 701 2248 catholice
727 2190 833 2249 Christi
859 2191 971 2249 nornine
998 2196 1041 2250 est
1066 2192 1224 2250 nobilitate
1313 2180 1322 2252 ¹.

131 2281 228 2338 Omnis
247 2280 322 2338 enirn
342 2281 433 2338 fidelis
453 2280 629 2338 Christianus
648 2298 665 2337 a
684 2281 795 2339 christo
822 2288 939 2339 vocatur
966 2287 996 2340 ot
1021 2282 1067 2340 dei
1085 2283 1176 2354 patris
1194 2288 1225 2341 et

131 2371 262 2428 ecclesiae
287 2371 386 2427 menis
412 2370 489 2427 tilius
515 2386 574 2427 esse
603 2370 766 2429 dinoscitur.
785 2371 815 2428 F.
855 2370 955 2443 'qnae
973 2373 1003 2430 F.
1041 2371 1131 2430 ⁸sire
1159 2372 1223 2430 FP¹

131 2461 234 2517 vel-
261 2477 355 2519 convo.
382 2478 436 2518 orn.
464 2461 573 2519 inps.
627 2461 710 2519 ‘om
735 2462 767 2519 F.
814 2461 874 2519 ⁵in
900 2468 960 2520 toto
987 2462 1091 2521 rnnndo
1116 2480 1170 2520 orn.
1193 2464 1225 2521 F.

16 2554 21 2564 '
132 2551 258 2622 ‘sponsa
277 2551 381 2609 Christi
400 2568 457 2608 nna
482 2557 533 2620 est,
560 2568 630 2622 qnae
655 2559 699 2609 est
723 2552 838 2630 ecclesia
857 2552 995 2609 catholica
1013 2553 1095 2625 cypr.
1114 2554 1224 2625 endi.

132 2641 143 2672 e
163 2686 169 2698 .
191 2687 197 2697 .
217 2659 305 2713 conr„
324 2658 440 2712 quemn
453 2642 560 2713 primus
579 2648 623 2698 est
640 2642 738 2711 mons,
758 2643 787 2699 id
807 2648 850 2700 est
868 2642 1019 2713 popularis.
1058 2642 1129 2701 Laos
1149 2644 1224 2701 enirn

130 2749 237 2805 graece
264 2732 352 2789 latine
377 2733 496 2803 populns
520 2732 632 2788 dicitnr.
671 2731 812 2789 Secnnm
836 2738 880 2789 est
899 2733 1084 2802 monachicus,
1112 2733 1163 2809 hoc
1181 2740 1225 2791 est
1319 2760 1323 2767 ¹

41 2844 44 2852 ·
131 2823 284 2893 singularia
303 2827 411 2878 remota
428 2822 637 2879 conversatione
649 2823 775 2878 monheri.
808 2823 905 2879 Mones
918 2839 1017 2894 graece
1030 2824 1118 2882 iatine
1131 2823 1225 2897 singn-

133 2913 230 2969 iaritas
250 2914 362 2969 dicitnr.
401 2912 514 2969 Tertius
526 2919 578 2969 cst
596 2911 745 2977 clericalia
772 2913 858 2969 cleros
877 2929 975 2983 graece
993 2914 1083 2971 latine
1101 2930 1160 2970 sors
1179 2916 1227 2984 vei

131 3003 272 3060 hereditas
299 3003 403 3059 dicitnr
432 3008 461 3059 et
486 3003 550 3059 hinc
576 3018 636 3060 eese
662 3003 774 3059 clericos
798 3003 969 3074 appellatos,
994 3005 1060 3074 qnia
1086 3005 1226 3076 principes

134 3093 264 3151 ecclesiae
283 3093 433 3150 Metthiem
462 3094 507 3150 rel
533 3099 646 3162 ceteros,
676 3108 743 3162 qnos
771 3093 940 3151 ordinabant
968 3101 1044 3152 sorte
1068 3095 1225 3166 elegebent.

133 3183 237 3241 Graece
255 3185 330 3242 eninr
350 3183 517 3241 cleronomia
535 3184 685 3252 hereditas,
711 3184 807 3241 haeres
827 3184 999 3241 cleronomus
1018 3186 1178 3257 appellatur
1197 3190 1227 3242 et

132 3275 202 3331 dicti
227 3280 295 3331 aunt
319 3275 420 3344 clerici,
447 3274 513 3344 quia
540 3275 667 3331 desorto
693 3279 761 3330 snnt
786 3274 893 3331 domini
921 3275 966 3332 rel
990 3275 1055 3345 qnia
1082 3276 1225 3333 dominnm

131 3372 239 3435 partem
253 3364 358 3422 hebent
376 3364 529 3422 dicentem:
550 3380 602 3434 ego
621 3364 780 3420 haeredites
799 3380 903 3421 eornm.
941 3365 1074 3422 Serrium
1091 3365 1225 3423 videlicet
1260 3394 1267 3416 ·
1320 3404 1322 3411 -

131 3454 223 3511 clerici
255 3455 330 3512 sicut
357 3455 426 3512 iecit
455 3454 545 3511 tribus
573 3455 643 3511 Levi
672 3454 701 3511 in
721 3454 915 3523 tabernaculo,
951 3455 1003 3511 hoc
1030 3461 1074 3511 est
1101 3457 1224 3523 ecclesie,

131 3548 338 3603 offerentes
370 3545 571 3602 sacrificia
603 3561 665 3614 pro
685 3561 748 3600 sne
777 3550 811 3600 at
843 3544 969 3614 popuii
1001 3544 1226 3615 ignorantia

129 3634 224 3701 (Hehr.
238 3634 288 3703 1x,
308 3635 345 3703 i.)
364 3642 399 3690 et
418 3633 969 3691 discernentesintersenctnm
983 3636 1225 3704 etproiannm

131 3726 261 3782 docent
280 3726 453 3794 popul-nm
473 3725 530 3781 dei
550 3732 683 3780 cuncta
711 3724 901 3794 legitima,
927 3739 1016 3793 quac
1035 3725 1226 3781 mandarit
1299 3724 1303 3730 '

131 3816 172 3871 ad
191 3831 250 3871 eos
268 3815 348 3893 (Len
360 3815 394 3884 X,
415 3816 469 3884 10.)
488 3816 516 3870 F.
