2744 4456
516 239 764 306 -247-

97 440 133 501 in
155 439 322 522 scripturis
344 441 461 504 sanctis
483 440 587 502 maius
608 441 748 504 minusve
768 435 949 524 profecit¹,·
973 461 1036 505 non
1060 439 1130 506 dieo
1154 441 1189 504 in

98 547 141 611 eis
164 545 296 612 multum
320 545 458 631 leqendis
479 549 704 632 memoriaeque
728 548 931 632 mandandis,
963 549 1019 616 sed
1042 548 1115 615 bene
1139 551 1188 615 in·

99 653 280 740 telleqcndis
310 663 339 724 et
367 655 533 740 liliqenter
557 677 665 723 earum
688 656 828 723 amsibus
858 658 1064 742 incloqanclis.
1109 657 1191 726 Suu

98 766 191 848 enim,
212 768 267 849 qui
281 785 334 832 eas
350 763 455 847 upon
471 773 499 829 u
513 757 700 850 neqlequnt²
707 816 717 847 ,
745 763 860 851 lequnt,
884 773 918 832 ut
934 773 1065 848 teneant,
1089 764 1190 852 neqle·

98 882 185 958 qunt,
210 895 247 938 ne
270 872 461 961 intelleqont.
510 873 629 956 Quibus
659 873 749 958 lonqe
772 876 839 939 sine
867 873 962 941 dubio
982 874 1191 961 praeferendi

97 989 179 1063 sunt,
197 984 251 1067 qui
263 980 355 1048 verba
371 975 500 1047 earum³
515 985 620 1048 minus
633 988 746 1064 tenent,
763 988 858 1049 eloor
869 976 997 1047 earum³
1013 985 1064 1049 sui
1083 984 1191 1051 carolis

100 1089 197 1157 oculis
220 1091 325 1158 vident
331 1115 345 1174 ,·
368 1091 424 1156 scel
446 1093 585 1177 utrisque
609 1088 677 1171 (ille
699 1085 827 1176 nulior)
836 1085 860 1174 ⁴,
890 1092 944 1176 qui
967 1100 996 1157 et
1018 1111 1086 1158 curn
1111 1091 1191 1160 nolet

99 1219 152 1264 eas
176 1199 261 1281 dicit,
289 1204 317 1266 et
339 1201 420 1266 sicut
442 1205 564 1286 oportet
587 1195 768 1286 intelleqit.“

192 1305 299 1390 ,Huic
314 1329 399 1393 erqo,
423 1311 478 1394 qui
491 1311 650 1395 sapienter
673 1307 760 1376 debet
775 1309 886 1391 dicere,
910 1311 1003 1374 etiam
1019 1309 1105 1396 quael
1127 1331 1189 1376 non

97 1421 198 1499 potest
228 1413 413 1502 eloquenter,
446 1415 540 1482 aerbo
575 1420 808 1503 scripturarum
838 1425 939 1483 tenere
970 1419 1107 1483 maciem
1138 1440 1190 1486 ne·

99 1526 270 1590 cessarium
292 1533 346 1591 est.
391 1527 516 1608 Quanto
540 1528 623 1591 enim
644 1547 676 1591 se
695 1527 917 1611 pauperiorem
941 1528 1041 1594 cernit
1065 1529 1098 1591 in
1113 1529 1190 1610 suis,

100 1641 187 1700 tanto
218 1637 252 1699 in
282 1638 351 1703 istis
381 1642 502 1723 oportet
531 1657 600 1702 eum
623 1657 685 1702 esso
709 1635 865 1716 ditiorem,
897 1642 932 1703 nt
962 1636 1048 1720 quod
1072 1636 1191 1703 dicerit

100 1744 165 1808 suis
180 1741 291 1827 verbis,
302 1743 416 1831 probet
430 1767 469 1810 aa
483 1737 599 1811 utis⁶.“
628 1743 752 1828 ,Porro
768 1745 897 1828 quinon
909 1743 1012 1809 solum
1023 1747 1191 1831 sapienter,

100 1845 231 1916 onum‘
246 1855 340 1920 otiam
355 1852 530 1938 eloquenter
545 1852 610 1920 nult
626 1853 738 1936 dicere,
762 1845 934 1938 quoniam⁷
949 1852 1097 1938 protecto
1117 1850 1191 1938 plns

99 1961 252 2045 proderit,
276 1963 305 2027 si
326 1970 491 2046 utrumque
510 1963 670 2048 potnerit,·
701 1961 746 2027 ac
777 1960 922 2044 lepontios
944 1959 992 2027 ocl
1015 1961 1191 2029 aeediendos

101 2075 129 2135 et
160 2072 378 2138 uolucrum
409 2070 580 2137 imitandos
611 2061 806 2156 eloquentes⁸
837 2089 905 2134 eum
935 2069 1032 2137 multo
1057 2063 1190 2154 maqss',

101 2198 195 2262 quam
217 2181 379 2262 maqistris
395 2181 476 2244 artis
490 2177 664 2245 rhetoricae
679 2198 792 2243 oacore
803 2180 984 2265 praecepio,
1003 2180 1033 2244 si
1048 2183 1153 2247 tamen
1164 2171 1192 2211 ²⁰

101 2285 147 2350 lu'i
182 2288 237 2372 qui
267 2280 409 2371 lequnt²¹
446 2288 624 2354 audiuntur
631 2337 640 2368 ,
678 2307 741 2351 non
772 2283 874 2352 solum
906 2284 1098 2372 eloquenter,
1135 2286 1192 2352 sed

101 2399 194 2462 etiam
216 2397 373 2481 sapienter
396 2396 514 2462 dixisse
536 2394 584 2461 oel
607 2396 709 2461 dicere
731 2397 837 2460 veraci
855 2396 1096 2481 praedicatione
1119 2393 1189 2460 lan·

102 2503 230 2570 dantur.
263 2505 325 2586 Qui
347 2506 429 2570 enim
442 2504 617 2590 eloquenter
633 2503 751 2585 dicunt,
775 2505 923 2587 maniter,
947 2507 1002 2590 qui
1021 2506 1191 2589 sapienter,

101 2610 270 2678 salubriter
301 2609 508 2681 audiuntur.“
567 2613 668 2695 ,Sunt
695 2633 769 2698 erqo
800 2612 999 2679 ecclesiastici
1029 2613 1101 2694 oiri,
1138 2612 1193 2697 qui

102 2724 210 2786 divina
225 2713 385 2807 eloquia¹²
408 2743 471 2787 non
487 2719 588 2789 solum
604 2723 771 2808 sapienter,
787 2720 843 2787 sed
859 2720 1034 2807 eloquenter
1057 2722 1150 2786 etiam
1165 2713 1192 2754 ¹³

102 2838 330 2914 tractaverunt,
361 2831 471 2915 quibus
504 2828 642 2914 leqemlis
678 2832 780 2911 nmqis
813 2849 877 2894 non
907 2827 1029 2913 srcfficit
1061 2837 1191 2916 tempus,

102 2958 195 3024 quam
219 2938 321 3004 deesse
342 2939 406 3024 ipsi
427 2937 621 3005 studentibus
645 2946 673 3002 et
696 2935 880 3003 vacantibus
897 2933 1066 3023 peccaut

194 3151 262 3207 ¹eic
279 3153 352 3222 Aug.
372 3150 483 3221 proficit
504 3166 545 3206 oa.
583 3147 595 3180 ¹
622 3149 722 3220 legunt
740 3154 769 3206 et
788 3150 947 3220 neglegunt
972 3164 1016 3205 om
1037 3165 1075 3206 oc.
1121 3148 1191 3205 'sic

101 3244 174 3312 nug.
193 3257 347 3297 common.
379 3240 534 3311 ‘eicAugv
555 3256 599 3295 om
621 3256 661 3294 oc.
697 3237 1029 3309 ‘praebentetillison
1062 3238 1190 3295 ‘sodli

102 3331 184 3401 'quo
203 3348 235 3388 oe
254 3332 325 3401 quod
345 3331 410 3387 PP¹.
449 3329 638 3399 ‘eloquentur
656 3347 697 3387 oe.
729 3328 894 3386 ⁹libentius
913 3332 986 3401 Aug.
1021 3328 1043 3362 ¹·
1063 3335 1131 3387 tune
1150 3345 1190 3386 oe.

103 3423 123 3455 ¹¹
143 3424 277 3494 leguntur
295 3438 333 3478 oc.
380 3420 402 3453 ¹²
420 3421 577 3489 eloquentia
596 3421 622 3475 h.
669 3418 757 3474 ”sed
777 3427 805 3475 et
832 3423 872 3487 (et
890 3436 933 3475 om
954 3421 983 3488 h)
1008 3421 1096 3489 eloqu.
1116 3419 1189 3476 Moe.
