2744 4456
415 324 418 330 ,
549 253 799 319 -135-

128 451 308 536 invisibilia,
324 447 383 519 de¹
397 450 616 538 corporalibus
627 452 672 518 ad
682 451 844 538 spiritalia
854 461 1054 520 sacramenta
1066 455 1216 536 transire,

64 590 69 600 ·
127 569 161 628 ut
183 560 286 649 mapis
306 563 468 648 neposque
497 561 569 626 buia
591 560 713 628 sconelo
736 562 923 643 moriamur,
953 567 983 628 et
1012 563 1090 626 vita·
1103 569 1218 636 ‚mura

128 669 341 736 abscondatur
370 691 440 736 cum
473 669 608 752 Obrista,
642 691 820 756 omnemque
848 667 948 735 lucem
973 669 1076 736 studii
1105 671 1217 755 nostri,

128 800 205 866 quoe
228 779 272 843 ad
294 777 454 858 inferiora
475 778 630 864 verpebat,
659 779 703 844 ad
725 780 894 864 superiora
916 786 1141 860 convertamus,
1172 778 1226 846 ad'

127 886 217 952 illam
238 886 354 953 scilicet
376 895 536 955 aeternam
552 886 842 973 contemplationem
856 885 1052 953 inmutabilis
1066 889 1216 954 veritatis.

134 995 234 1080 Usque
264 987 328 1061 od'
359 997 537 1064 vicesimam
566 1017 639 1062 vero
663 988 716 1062 ei³
739 997 884 1082 primam
915 995 985 1062 ideo
1010 985 1136 1082 pavebo
1165 994 1217 1062 ab·
1318 1077 1343 1087 ..

126 1113 280 1186 cavatur,
308 1107 443 1191 propter
472 1107 685 1190 septenarium
711 1125 896 1187 numerum,
915 1126 975 1190 quo
1003 1107 1218 1173 uuivusvovs

33 1308 35 1312 y
125 1213 315 1300 sipuifioatio
337 1233 429 1300 saepe
450 1212 621 1299 fipuratur,
645 1215 700 1299 qui
722 1215 816 1280 etiam
831 1215 895 1300 ipsi
909 1212 1052 1280 evobsiae
1067 1213 1218 1281 tribuitur

10 1399 12 1419 Ι
124 1328 256 1408 propter
284 1324 386 1389 instar
415 1315 631 1390 universitatis
638 1345 652 1404 ;
681 1321 810 1407 ideoque
833 1329 861 1388 et
884 1321 1026 1388 Joonnes
1056 1321 1225 1410 apostolia,
1312 1338 1315 1342 ’

125 1432 158 1495 iu
173 1429 359 1517 apocalypsi
372 1438 485 1516 septem
508 1426 655 1518 sempsit*
677 1431 818 1498 ecclesiis.
857 1429 1000 1498 Ecclesia
1016 1452 1090 1498 vero
1114 1430 1218 1497 adbuc
1275 1493 1281 1499 .
1333 1494 1339 1502 .

125 1541 160 1605 iu
181 1541 245 1605 isto
267 1539 474 1608 mortalitatis
496 1560 591 1607 conve
613 1541 791 1622 omnium,
814 1547 945 1626 propter
965 1533 1090 1626 epsam⁶
1114 1547 1216 1607 meda·

81 1649 91 1718 Ῐ
125 1641 299 1717 belitatem⁶
327 1646 420 1714 lunae
442 1650 567 1713 nomine
590 1650 625 1713 in
644 1651 812 1735 scripturis
831 1669 923 1734 saepe
944 1656 1084 1714 vocatur.
1125 1647 1218 1730 Quod

25 1790 28 1796 ·
126 1777 197 1822 vero
222 1758 460 1823 anniversarius
476 1758 541 1822 dies
560 1756 724 1843 paschalis
739 1778 804 1824 nou
819 1758 864 1824 vd
879 1757 1010 1824 eundem
1032 1756 1115 1823 redit
1138 1759 1217 1824 anni
1277 1820 1284 1836 ,

127 1848 217 1947 dian,
247 1868 328 1932 sicut
345 1871 427 1951 pido
451 1865 528 1948 dies,
552 1886 613 1950 quo
636 1867 776 1932 credrlur
799 1866 946 1947 dominps
969 1873 1073 1950 natus,
1097 1865 1156 1932 boc
1178 1865 1216 1948 fit

123 1982 264 2060 propter·
285 1973 476 2040 dominicum
505 1975 587 2039 diem
610 1982 639 2040 el
669 1973 786 2041 lienam.
825 1973 1033 2058 Manifestum
1056 1983 1100 2040 esi
1123 1976 1215 2056 euim,

126 2103 185 2168 quo
209 2082 260 2148 die
283 2083 429 2148 dominus
459 2083 629 2166 crucifixus
652 2087 694 2151 sit
716 2086 802 2151 elin
829 2082 1095 2174 sepulcrojuerit
1117 2090 1146 2149 et
1168 2103 1216 2149 re-
1329 2099 1332 2103 ·

124 2192 304 2258 surreeerit.
352 2188 515 2257 'Adiuncto
538 2198 582 2259 est
605 2195 688 2256 enim
716 2194 858 2278 ipsorum
888 2193 1011 2258 dierum
1043 2189 1216 2258 obscuratio
1317 2200 1330 2240 θ

121 2320 181 2384 per
204 2297 380 2365 Nicaenum
403 2298 579 2380 concilium,
610 2306 638 2365 ei
667 2299 737 2365 orbi
767 2302 912 2367 universo
935 2299 1119 2380 ,minuo
1145 2320 1215 2385 per·

125 2401 284 2492 suasum⁷,
308 2429 342 2473 eo
366 2408 459 2476 mado
481 2408 602 2494 pascha
621 2407 772 2474 celebrari
794 2416 946 2495 oportere,
970 2417 1005 2476 ut
1027 2431 1092 2475 non
1113 2407 1216 2476 solum
1258 2426 1261 2432 '

125 2514 234 2583 lunam
257 2515 446 2601 paschalem,
469 2517 524 2582 sed
540 2524 568 2581 at
585 2516 669 2582 diem
683 2518 884 2601 dominicum,
911 2521 947 2583 r'n
962 2538 1022 2604 quo
1043 2519 1216 2584 susurravit

125 2646 146 2688 a
168 2627 311 2708 mortun,
335 2631 512 2711 exspectare
535 2624 709 2692 debeamus.
746 2627 826 2692 Inde
849 2635 903 2710 est,
926 2627 1011 2712 quod
1026 2625 1215 2693 meander

17 2796 21 2804 ,
124 2734 202 2798 anesi
225 2725 326 2798 diem⁸
349 2754 412 2799 non
435 2742 606 2799 revertetur
623 2734 756 2821 poscba.
796 2735 884 2801 Nam
898 2734 1017 2801 Judaei
1031 2735 1216 2803 tantundem
1251 2792 1267 2815 ,.

123 2861 257 2908 maworn
272 2862 425 2908 novorum
440 2849 469 2908 et
484 2841 594 2909 lunam
608 2842 773 2910 observant
779 2868 793 2926 ;
817 2845 900 2910 diem
915 2849 1018 2911 aneu
1033 2840 1215 2910 addendum

121 2957 230 3035 patres
253 2952 355 3016 emetri
369 2959 566 3032 vomuerunt,
592 2957 626 3019 ut
641 2958 669 3020 et
684 2960 795 3018 nostra
809 2945 965 3035 festivitas
980 2972 1003 3021 a
1017 2951 1215 3018 Judaeorum

91 3149 95 3156 Ι
123 3057 292 3139 festivitate
308 3056 580 3141 distinpueretur.“
613 3054 804 3143 „initium”
818 3056 975 3126 videlicet
985 3061 1087 3147 primi
1100 3062 1215 3127 menon

125 3165 353 3233 observandum
383 3173 426 3233 est
435 3159 462 3200 ¹⁰
491 3167 531 3232 ab
557 3162 664 3234 octavo
694 3169 805 3234 iduum
831 3169 1024 3235 Martiarum
1052 3189 1148 3254 nsque
1179 3170 1227 3234 in¹
1329 3203 1332 3209 ·

125 3295 281 3342 nonarum
296 3273 461 3360 Aprilium
480 3276 570 3341 diem
612 3260 857 3365 Quartodecima
876 3293 956 3343 vero
980 3277 1058 3345 luna
1076 3276 1215 3364 pasclrae

215 3444 228 3487 s
259 3432 334 3500 Quae
361 3440 515 3503 sequuntur
540 3435 570 3490 in
597 3436 648 3491 hoc
671 3450 741 3504 cup,
766 3435 861 3492 omnm
885 3427 949 3492 tere'
969 3436 1004 3492 ed
1031 3434 1144 3499 verbum
1170 3435 1224 3493 de-

124 3531 253 3594 prompta
272 3531 339 3581 sunt
357 3540 390 3579 ex
416 3524 486 3581 libro
511 3525 602 3581 Bsdos
628 3526 661 3581 de
680 3526 789 3582 mtione
815 3534 899 3595 temp.
920 3541 961 3596 cp.
976 3526 1021 3594 43,
1039 3526 1085 3594 b'l,
1103 3525 1149 3594 59,
1168 3525 1225 3583 61.-

216 3649 1212 3716 ¹etdsPP1.’sdJetos;inMPP¹.⁸vsroeuomossxsh.

123 3739 250 3797 ‘scribit
269 3757 301 3798 oe
320 3758 375 3798 exo.
396 3743 422 3797 h.
455 3741 569 3798 ⁸istum
590 3742 678 3799 mkk¹.
710 3741 1000 3800 ‘immutabilitatem
1018 3743 1045 3799 J.
1078 3741 1212 3814 'cuper

124 3845 234 3887 sussum
248 3831 274 3887 J.
301 3830 313 3864 ⁸
326 3848 370 3888 om
383 3848 414 3889 oe
427 3848 484 3888 exc
498 3834 524 3889 h.
552 3831 564 3864 ⁰
577 3833 720 3890 exordium
734 3832 817 3889 Beda.
846 3833 868 3866 ¹⁰
881 3833 963 3890 debet
975 3833 1114 3891 obssrvvfi
1127 3833 1211 3890 Beda.
1293 3826 1301 3839 “
