2744 4456
585 248 833 314 -240-

167 447 305 540 monodia
317 447 499 534 disponunt,
514 446 712 532 admoto
727 439 849 511 cursu²
864 437 1087 511 nativitates¹
1099 444 1261 511 homimem

169 566 207 624 ct·
226 577 328 623 moras
361 548 565 641 praedicare⁸
595 550 781 623 conantur.“
840 551 938 619 Hanc
968 549 1102 633 quiden
1131 555 1261 634 partem

170 661 379 747 astrologiae,
411 680 496 744 qnae
527 660 674 729 naturali
696 659 920 744 iniquisitione
949 657 1153 741 exsequitur,
1184 656 1262 726 solis

168 772 354 855 lunaeqnae
384 788 500 838 consus
531 777 634 853 atquo
665 769 838 838 stellarum
869 775 905 836 et
934 772 1045 837 certas
1077 772 1263 850 temporum

171 878 399 948 distinctiones
422 884 521 946 cante
536 877 688 953 iimatur,
714 884 847 962 oportet
862 897 883 945 a
899 877 986 946 clero
1002 874 1125 944 domini
1149 873 1264 943 solerti
1337 926 1342 940 .

170 984 409 1057 meditatione⁴
431 987 521 1067 disci,
554 993 594 1054 ut
626 1007 686 1071 per
708 993 819 1054 certas
842 987 1032 1072 regularum
1055 983 1264 1054 coniecturas

172 1102 207 1165 et
222 1103 315 1164 ratas
332 1116 371 1164 ac
386 1115 485 1165 veras
505 1095 1052 1180 argumentorum-aestimationes,
1075 1111 1143 1161 non
1159 1092 1264 1160 solum

171 1202 377 1290 praeterita⁵
400 1224 561 1273 annorum
591 1203 754 1272 curticula
784 1205 951 1272 veraciter
979 1203 1173 1287 investiget,
1206 1200 1265 1269 sed

52 1364 61 1379 .
174 1319 209 1382 et
239 1312 433 1381 defuturis
463 1313 596 1380 noverit
624 1312 768 1380 fideliter
797 1308 1018 1380 ratiocinare⁶
1049 1309 1263 1394 temponbns,

173 1430 277 1506 utque
300 1421 464 1506 paschalis
487 1419 568 1488 festi
592 1420 726 1488 exordia
743 1427 778 1488 et
802 1427 895 1488 certa
910 1420 982 1488 loca
998 1419 1142 1487 omnium
1162 1419 1266 1486 solen·

173 1530 317 1599 nitatum
327 1529 693 1616 atquecelebrationnm
704 1529 767 1597 sibi
775 1525 874 1597 sciat²
883 1526 1265 1605 intimareobservanda

175 1643 210 1707 et
233 1638 351 1723 populo
375 1639 429 1706 dei
451 1638 516 1705 nite
539 1638 654 1707 valeat
675 1638 821 1706 indicare
845 1637 1051 1704 celebranda.

641 1853 720 1938 Cap.
746 1858 799 1922 26.

390 2015 453 2083 ΒΕ
477 2014 865 2084 PHILOSOPHORUM
888 2014 1048 2082 LIBRIS.

277 2178 364 2247 Ecce
388 2178 429 2246 ds
460 2186 588 2262 septem
618 2179 808 2247 liberalibus
840 2177 968 2246 ardbns
1000 2176 1269 2261 philosophorum

176 2288 339 2371 adquam
371 2287 553 2356 utilitatem
584 2288 760 2355 discendae
791 2288 859 2355 sint
889 2285 1068 2366 catholicis,
1103 2284 1198 2365 satis,
1231 2291 1269 2352 nt

176 2416 260 2477 reor,
280 2396 437 2480 superins
461 2395 612 2476 diximus
637 2395 718 2463 illud
742 2395 850 2463 adhuc
872 2395 1040 2475 adicimus,
1065 2393 1155 2477 qnod
1179 2396 1268 2483 „pbi-

177 2507 318 2594 conopas·
340 2508 403 2593 ipsi
426 2509 480 2593 qai
496 2516 658 2588 oocaatar,
683 2504 713 2572 si
728 2529 789 2592 qao
805 2507 890 2590 fatto
908 2527 983 2572 aero
1001 2513 1029 2571 et
1044 2504 1120 2589 fidei
1143 2513 1270 2572 nostrae

177 2612 399 2714 ιιιοιιιιιιιάαιιια
418 2612 453 2680 in
468 2609 767 2697 disputationibus⁸
783 2613 851 2680 suis
864 2631 924 2680 sen
940 2611 1073 2696 scn'ptn's
1090 2597 1270 2698 „dixerunt

177 2728 312 2791 anamma
329 2724 498 2811 platonici,
521 2746 585 2790 aaa
608 2724 710 2791 salam
726 2723 940 2808 formidanda
958 2745 1022 2790 aon
1044 2730 1127 2806 sunt,
1150 2723 1207 2788 sod
1230 2721 1270 2789 ab

178 2835 337 2901 alsatiam
360 2840 512 2919 tanquam
535 2834 661 2900 iniustis
686 2833 918 2918 possessoribus
949 2835 984 2897 ia
1006 2853 1096 2898 ccam
1125 2837 1270 2900 nomm

177 2935 402 3009 vindicabant
438 2941 526 3008 Sicut
541 2944 622 3007 caim
632 2944 782 3028 Acyyptii
797 2963 860 3007 noa
876 2949 998 3007 tontum
1012 2940 1101 3006 idola
1116 2939 1273 3007 habebant

179 3059 206 3116 ct
222 3072 318 3116 onera
335 3053 459 3136 oracio,
484 3072 563 3135 quac
573 3050 714 3136 populus
730 3048 855 3116 Israhel
874 3050 1078 3118 detestaretur
1093 3055 1122 3116 et
1137 3049 1272 3136 faceret,

177 3159 233 3225 sad
262 3160 356 3227 aiam
386 3178 464 3225 oasa
496 3167 587 3243 atquc
619 3167 805 3224 ornamenta
839 3159 878 3223 dc
911 3179 990 3224 aura
1022 3166 1051 3223 at
1080 3167 1213 3242 aramta
1244 3166 1273 3223 ct

178 3259 334 3346 ‘aestan²⁰,
358 3287 437 3352 quae
459 3265 512 3333 ille
530 3266 671 3353 populas
687 3268 791 3332 exiens
807 3266 845 3331 dc
860 3266 1004 3351 Aayypto
1027 3264 1088 3331 sibi
1108 3271 1273 3352 tataqaam

271 3438 286 3468 ⁸
309 3428 381 3496 Aug.
402 3425 420 3480 l.
441 3441 463 3480 c.
483 3426 521 3494 11,
539 3425 583 3480 40.

272 3553 395 3607 ¹cnrsus
409 3552 446 3608 lli.
477 3551 684 3608 'necessitates
697 3551 723 3606 J.
754 3550 823 3606 ³sic
835 3551 862 3618 J,
883 3568 916 3606 os
929 3550 1094 3620 praedicare.
1123 3548 1274 3608 ‘medica-

128 3655 131 3664 '
181 3644 255 3699 minc
280 3658 318 3699 oc.
365 3641 514 3712 ‘propter
539 3642 596 3698 ists
620 3642 664 3708 M,
694 3648 804 3711 practer
830 3642 886 3696 sita
910 3641 978 3698 1³9¹,
1029 3640 1200 3697 ‘rationari
1227 3643 1275 3712 ph,

182 3733 342 3790 ratiocinari
362 3748 418 3788 ose.
441 3730 452 3762 ²
472 3733 562 3788 sciant
575 3732 668 3787 MPP1.
698 3731 709 3762 ⁸
730 3731 982 3802 dispensationibus
996 3746 1034 3787 oe.
1067 3728 1078 3761 ⁹
1100 3731 1278 3788 vendicanda

181 3840 220 3880 oe.
261 3823 282 3888 ¹,⁰
301 3823 340 3879 sic
360 3824 444 3892 Aug„
466 3829 542 3879 veste
561 3822 688 3877 MPP¹oe
1091 3846 1093 3850 ¹
