2744 4456
552 230 841 312 '-2ae-

177 439 271 508 Haec
288 458 366 525 ergo
384 438 556 523 disciplina
571 439 816 525 disciplinarum
834 445 895 520 est,
921 440 1004 509 baec
1019 439 1117 509 docet
1139 442 1269 522 docere
1331 421 1333 426 ¹

177 548 260 616 baec
298 548 394 616 docet
423 548 566 617 discere:
605 548 640 615 in
678 549 741 618 hac
772 567 809 618 ee
839 548 912 634 ipsa
943 549 1029 617 ratio
1061 549 1271 620 demonstrat

177 661 280 739 atque
302 647 530 740 aperit'quae
553 657 607 736 sit,
633 657 712 740 quid
725 658 817 738 velit,
843 657 922 740 quid
935 657 1058 726 valeat.
1099 656 1170 726 Scit
1185 659 1271 728 scire

178 764 248 831 sola
273 770 307 832 et
331 765 474 834 scientes
490 765 600 834 iacere
622 785 688 833 uon
712 767 816 834 solum
833 767 917 846 vult,
943 766 1002 834 sed
1019 765 1121 834 etiam
1144 774 1268 850 potest.

177 872 217 939 In
240 873 303 940 hac
326 873 564 942 ratiocinantes
594 874 828 959 cognoscimus,
861 874 940 959 quid
971 893 1084 943 sumus
1117 880 1152 943 et
1182 875 1270 944 unde

178 1000 308 1060 sumus;
334 983 501 1064 perhanc
523 981 755 1066 intellegimus,
780 983 859 1065 quid
879 982 925 1051 sit
940 982 1065 1051 iaciens
1088 983 1211 1051 bonum
1235 990 1271 1052 et

178 1089 256 1173 quid
279 1089 325 1157 sit
347 1089 473 1158 factum
496 1091 626 1170 bouum,
660 1090 738 1172 quid
768 1097 900 1159 creator
923 1097 958 1158 et
986 1091 1065 1174 quid
1093 1098 1268 1172 creatura;

65 1263 69 1275 ,
177 1217 238 1283 per
273 1199 359 1266 hunc
396 1197 636 1282 investigamus
675 1199 854 1267 venitatem
894 1205 930 1267 et
971 1201 1269 1284 depraehendimus

178 1305 377 1384 falsitatem
411 1325 471 1389 per
500 1307 586 1374 hauc
614 1312 886 1391 argumentamur
909 1313 945 1375 et
966 1308 1162 1390 invenimus,
1192 1309 1271 1393 quid

179 1415 224 1482 sit
247 1433 460 1497 consequere,
493 1414 571 1497 quid
595 1434 660 1482 non
684 1434 888 1498 consequens
920 1421 955 1506 et
978 1416 1057 1498 quid
1079 1436 1270 1503 repugnans
1357 1509 1359 1512 v

178 1523 212 1591 in
235 1542 346 1590 rerum
378 1530 508 1602 natura,
541 1523 619 1606 qaid
649 1543 780 1603 verum,¹
808 1524 887 1607 quid
916 1524 1094 1592 verisimile
1127 1531 1162 1593 et
1192 1525 1270 1609 quid

117 1628 120 1635 ’
178 1631 311 1714 penitus
326 1629 443 1698 falsum
461 1631 495 1698 in
511 1631 801 1714 disputationibus.
839 1632 880 1699 In
902 1633 965 1700 hac
982 1633 1082 1700 etiam
1099 1633 1270 1718 disciplina

179 1758 442 1822 unamquamque
465 1758 535 1807 rem
552 1739 739 1822 quaerimus
756 1740 923 1825 sagaciter
938 1748 973 1808 et
988 1740 1162 1809 definimus
1177 1760 1271 1809 vera·

57 1933 59 1940 y
177 1838 263 1914 'citer
286 1853 322 1915 et
344 1847 536 1914 disserimus
559 1848 750 1931 prudenter,
1364 1841 1368 1847 ’

271 1954 480 2040 Quapropter
503 1963 635 2040 oportet
659 1957 793 2025 clericos
809 1957 896 2025 hanc
911 1964 1019 2025 artem
1034 1957 1272 2026 nobilissimam

179 2064 273 2143 scire,
299 2064 434 2147 eiusque
457 2065 531 2132 iura
553 2065 588 2132 iu
612 2065 754 2133 assiduis
777 2065 1048 2134 meditationibus
1072 2066 1206 2146 habere,
1232 2073 1273 2134 ut
1365 2113 1367 2119 .

180 2171 335 2239 subtilem
360 2173 602 2240 haereticorum
625 2173 809 2242 versutiam
842 2175 905 2241 hac
936 2173 1066 2258 possint
1088 2173 1270 2255 dinoscere,

181 2299 358 2363 eorumque
370 2280 459 2348 dicta
472 2280 620 2350 venefica
629 2281 719 2348 veris
733 2281 996 2367 syllogismorum
1008 2281 1299 2379 conclusionibus,

180 2387 361 2456 confutare.
404 2393 524 2475 „Sunt·
549 2387 676 2458 tumen¹
698 2392 799 2459 multa
822 2413 901 2477 puae
923 2393 1128 2480 appellantur
1150 2393 1272 2480 sophe-

167 2505 277 2582 aaa,
307 2499 412 2584 falsae
434 2500 645 2567 conclusiones
668 2502 830 2566 ratianum
852 2509 881 2567 et
904 2502 1081 2588 plerunque
1110 2503 1158 2567 ita
1179 2523 1273 2570 cuae

180 2611 346 2692 imitantes,
370 2617 405 2674 ut
428 2631 490 2674 nan
514 2609 616 2676 solum
638 2609 760 2691 turciae,
783 2610 838 2676 sed
858 2611 1035 2694 ingeniosos
1050 2611 1143 2677 etiam
1166 2611 1273 2677 minues

181 2716 347 2804 diligenter
367 2723 500 2785 munias
517 2718 687 2812 ¹decipiat-nt.
723 2717 895 2802 Proposuit
909 2720 992 2783 enirn
1006 2717 1146 2803 auridum,
1165 2718 1273 2784 dicens

180 2827 209 2891 ei
232 2846 301 2890 cum
324 2847 384 2910 qua
408 2824 609 2910 loquebatur:
635 2826 726 2907 Quod
749 2847 803 2911 epo
823 2847 902 2908 cum,
927 2834 961 2890 tu
981 2847 1046 2891 non
1069 2847 1110 2892 ce.
1150 2828 1195 2891 At
1219 2826 1273 2891 ille

181 2937 343 3001 consensit.
390 2933 505 2998 Verum
527 2936 610 2998 enim
632 2943 700 3000 erut
723 2955 761 2998 eac
782 2942 873 3019 parta
891 2933 936 2999 vel
951 2955 985 2999 ca
1001 2936 1080 3019 ipso,
1104 2945 1189 3019 quaa
1212 2937 1271 3002 istc

180 3043 362 3124 insidiante,
387 3041 439 3106 ille
462 3041 594 3126 sianpleu
615 3050 690 3108 erut.
736 3041 814 3107 Tum
830 3044 887 3107 iste
911 3042 1058 3110 adducit:
1082 3041 1151 3125 Epo
1168 3049 1272 3111 autem

181 3151 273 3216 lrarno
296 3170 376 3216 sum.
423 3147 495 3215 Hoc
526 3171 644 3235 quaque
675 3171 745 3216 cnm
767 3149 807 3217 al
838 3148 894 3215 illo
926 3152 1092 3236 accepisset
1120 3149 1274 3217 conclusit

182 3259 306 3325 diceres:
340 3258 387 3324 ilu
410 3260 509 3343 igitur
532 3279 590 3324 nas
613 3279 644 3323 es
673 3258 774 3322 lamo.
823 3253 914 3338 Quoal
936 3279 1034 3341 penus
1057 3259 1273 3345 captiosarum

182 3366 414 3432 conclusionum
425 3368 596 3451 scriptura,
612 3374 762 3450 quatitans
775 3368 927 3447 existima,
943 3366 1112 3432 detestatur
1124 3364 1180 3432 illo
1192 3365 1272 3448 loco,

104 3531 107 3536 .
182 3474 236 3538 ubi
251 3476 369 3541 aliatum
384 3471 468 3540 esth:
485 3475 559 3556 ,Oui
573 3475 737 3559 sophistice
755 3473 903 3558 loquitur,
921 3473 1047 3540 odibilis
1063 3470 1127 3541 cet‘.
1162 3475 1270 3557 Quare·

273 3679 287 3708 ⁸
311 3671 382 3738 Aug.
404 3669 422 3724 l.
440 3684 463 3722 c.
483 3667 521 3737 Π,
541 3668 584 3722 31.
623 3669 638 3710 b
658 3667 730 3722 Ecci.
751 3667 893 3736 XXXVII,
913 3667 956 3723 23.

298 3812 303 3838 ¹
325 3813 398 3867 enim
419 3816 491 3882 Aug.
512 3829 550 3868 oe.
647 3824 649 3829 ·
