2744 4456
568 255 816 322 -218-

152 457 347 543 mapicarum
372 457 499 539 arnan,
524 477 602 542 puae
620 456 744 542 quidem
758 475 1000 522 commemorare
1018 459 1127 544 potius
1151 478 1247 545 pram

114 592 117 596 ’
155 564 264 630 docere
294 563 437 630 adsolent
468 571 587 651 peltae.
634 564 686 632 ao
716 586 777 651 quo
809 586 919 647 penerc
949 573 1037 648 sunt,
1068 565 1124 630 secl
1154 567 1248 651 quasi

154 673 312 740 licentiore
327 675 673 762 vanitatekamespioum
689 679 718 742 et
733 694 889 760 anpurum
902 672 984 740 libri.
1008 673 1065 739 Aa
1076 671 1134 740 boc
1148 695 1247 759 penus
1273 752 1276 757 ¹

150 783 309 872 pertinent
318 801 422 848 amnes
431 781 1244 869 etiamlipaturaeatpieerernedia,puaemuticarurn

153 911 272 976 quoque
295 889 466 977 disciplina
481 893 646 957 contemnit
658 885 679 974 ¹,
702 893 766 958 sive
788 893 823 956 in
833 883 1168 977 praecantationibus²
1183 892 1247 956 siue

129 1069 133 1076 ,
153 999 187 1062 in
210 992 399 1084 windam
415 1001 506 1082 notis,
530 1021 609 1085 quas
625 999 819 1066 characteres
833 1005 955 1082 vocam,
979 1001 1043 1065 siae
1065 1001 1101 1064 in
1121 998 1246 1084 quibua

154 1106 324 1193 querebat
346 1101 595 1203 suspfndendis³
618 1116 709 1193 atpue
731 1107 917 1193 inlipandis,
942 1130 1009 1174 aare
1027 1116 1162 1195 proptor
1184 1110 1248 1172 or'rn

38 1199 41 1207 ’
153 1220 287 1283 naturae
309 1210 563 1301 quodammodo‘
586 1217 630 1282 aa
653 1219 904 1303 temperatiorem
921 1237 1100 1303 carpamns,
1124 1217 1180 1282 sed
1203 1217 1247 1281 ael

154 1324 306 1408 quaedam
331 1323 576 1408 sipnificationes
599 1323 736 1391 necmias
757 1332 815 1390 aut
837 1320 1055 1408 manifestas.“
1099 1323 1248 1410 ,Nequc‘

154 1430 204 1497 illi
227 1431 266 1498 ab
289 1432 347 1499 boc
368 1453 478 1518 penore
498 1435 693 1518 perniciosae
711 1435 942 1519 superstitionis
956 1433 1144 1518 seprepandi
1162 1442 1247 1513 sunt,

154 1541 209 1626 qui
237 1540 424 1626 pmetbliaci
454 1547 589 1627 propter
620 1539 777 1609 natalium
808 1542 934 1607 dierum
970 1543 1246 1624 nominationes,

153 1670 237 1714 nunc
260 1655 361 1717 antem
377 1648 471 1730 culpo
486 1649 697 1717 matinaatici
719 1658 880 1717 comatur.
913 1649 1000 1716 Nam
1014 1655 1044 1717 a
1058 1651 1122 1737 ipsi
1135 1670 1247 1735 quam·

153 1759 201 1824 cis
224 1778 330 1825 veram
352 1757 514 1825 stellarum
534 1760 733 1844 positionem,
759 1760 976 1843 enusquisque
997 1761 1150 1841 nasa'tur,
1174 1779 1248 1825 con·

136 1859 326 1943 ‚sectentur⁶
343 1873 379 1934 >a
394 1866 568 1952 aliquanda
584 1869 679 1934 etiam
698 1869 915 1952 pernostipent,
938 1872 1044 1934 tamen
1066 1869 1151 1952 quod
1174 1867 1249 1932 inde

155 1983 310 2041 conantur
332 1974 379 2040 rel
395 1978 531 2041 actiones
551 1984 677 2041 nostras
692 1975 739 2040 cel
753 1978 911 2043 actionum
927 1982 1033 2044 menta
1051 1977 1248 2062 praedicere,

154 2085 248 2150 ni'rnis
280 2091 389 2159 urant
422 2091 450 2149 et
481 2084 619 2151 cendunt
649 2086 802 2170 imperitis
832 2083 1009 2151 bominibus
1039 2083 1250 2151 miserabilem
1325 2114 1333 2124 ·

90 2211 93 2219 ·
154 2187 365 2268 εενυίιιιΐιιιι.“,
391 2188 622 2275 ,Commoeab
645 2213 717 2258 uero
742 2201 770 2257 et
792 2195 969 2259 necessaria
991 2191 1152 2258 bominum
1176 2214 1252 2259 cum

153 2300 330 2368 horninibus
360 2302 505 2367 instituta
537 2306 627 2383 sunt,
666 2321 864 2386 quaecunque
896 2303 932 2366 in
963 2301 1072 2368 babitu
1104 2306 1133 2368 et
1162 2300 1249 2368 cultu

155 2411 298 2496 corporis
314 2409 359 2474 ad
372 2421 465 2475 mnus·
480 2409 528 2474 oel
542 2408 674 2502 bonores
690 2410 896 2475 dicerneudos
912 2409 1093 2494 differentia
1111 2409 1248 2495 placuit,

154 2524 183 2586 m
205 2517 450 2584 innumerabilia
465 2539 581 2603 ponera
598 2517 875 2603 sipnificationum,
899 2521 965 2584 sine
981 2517 1097 2604 quibus·
1107 2518 1249 2586 bumana

153 2629 284 2694 sonans
307 2636 449 2694 autnon
473 2630 599 2692 omnino
623 2632 679 2694 aut
700 2628 811 2692 minus·
827 2627 985 2693 commode
999 2630 1130 2712 peritur,
1154 2650 1249 2713 quae·

105 2791 107 2794 .
154 2757 212 2820 pue
234 2738 268 2800 in
287 2734 482 2820 penicleiibus
505 2740 596 2820 atque
618 2737 773 2801 mensuris
797 2741 825 2802 et
848 2756 1046 2800 nummorum
1069 2737 1249 2821 impressio·
1359 2770 1362 2775 ¹

155 2843 246 2910 nibus
269 2842 316 2910 cel
340 2842 606 2909 aestimationibus
628 2863 688 2909 saa
711 2844 818 2927 cuique
842 2845 962 2910 ciuitati
982 2851 1010 2908 et
1028 2842 1150 2930 populo
1174 2853 1251 2910 sunt

154 2954 290 3039 propria
319 2958 348 3020 et
379 2960 478 3016 cetera
506 2951 695 3034 huiusmodi,
726 2973 804 3036 puae
826 2953 889 3017 nisi
911 2951 1072 3018 bominum
1102 2954 1249 3020 instituta

156 3070 264 3144 essent,
287 3084 350 3126 uon
368 3083 431 3148 per
451 3062 590 3127 diuersos
611 3060 746 3146 populos
762 3054 878 3127 ιιανίιι6
901 3070 1009 3138 essent,
1032 3082 1089 3126 nec
1110 3063 1145 3126 in
1168 3063 1255 3146 ipsis¹

152 3169 282 3256 populis
304 3168 439 3256 sinpulis
456 3190 520 3255 pro
543 3169 676 3236 arbitrio
692 3189 822 3234 suorum
838 3172 1024 3256 principum
1038 3175 1248 3237 mutarentur.

155 3322 373 3333 ,ιι-,-

131 3378 132 3381 ‘
247 3413 261 3443 ι
284 3402 357 3471 Aug.
376 3402 394 3457 1.
415 3417 436 3455 ο.
456 3401 494 3468 ιι,
514 3401 556 3456 ιι.
596 3401 703 3470 biug.
724 3400 734 3454 1
763 3417 784 3455 ι,
805 3400 841 3466 ιι,
862 3400 904 3455 25.

249 3565 457 3634 ¹eonte1npnet
475 3564 569 3632 nPP1,
595 3564 760 3619 condemnat
778 3565 851 3633 Aug.
872 3568 900 3619 et
920 3580 955 3618 m.
996 3561 1249 3632 *impanationi-

156 3656 207 3711 bns
229 3655 265 3710 Μ.
295 3654 548 3725 praedicationibus
576 3671 606 3710 oe
629 3670 685 3710 exc,
709 3671 744 3708 m.
797 3653 807 3684 ³
836 3653 993 3723 suspendiis
1018 3651 1094 3716 MP&
1133 3652 1250 3709 Peorr.

156 3745 168 3777 ⁴
187 3745 349 3815 inligendis,
369 3746 413 3800 vel
427 3746 512 3801 stiam
526 3745 656 3814 aptandis
670 3745 879 3813 quodammodo,
899 3761 953 3799 non
967 3744 1002 3798 ad
1016 3743 1251 3812 temperationem

146 3882 163 3901 ,.
180 3881 184 3890 .
201 3881 206 3891 .
226 3840 299 3906 Aug.
338 3834 561 3890 ὅοοιιιιοιιιιιιιιι
580 3834 674 3889 ΜΡΡΙ.
713 3834 836 3889 “variae
856 3851 886 3889 oe
906 3834 970 3888 PP¹.
