2744 4456
547 273 818 339 ·.-75-

166 467 276 551 populi
305 467 469 536 recitatur
499 468 716 552 evangelium,
749 473 789 536 ut
817 467 921 553 ipsius
951 468 1072 536 ibidem
1099 467 1256 537 audiatur

169 565 328 656 doctrina
352 576 395 643 ad
418 595 513 659 quem
538 574 650 644 iervet
670 575 813 644 intentio
837 574 940 655 tota²,
962 576 1131 659 ipsiusque
1146 575 1255 646 virtus
1310 583 1312 587 ’
1349 643 1353 650 .

168 685 383 769 intellegatur
404 704 465 768 per
488 684 705 770 evangelium,
737 684 830 771 ouius
854 691 934 752 tunc
956 685 1102 768 corporis
1126 691 1162 753 et
1184 685 1256 753 san·

168 788 294 878 guinis²
318 800 565 861 sacrosanctum
581 789 788 862 celebratur³
804 791 1008 878 mysterium.
1048 793 1132 861 Post
1153 791 1256 862 boec⁴
1318 783 1320 787 ’

170 901 352 969 oblationes
375 901 560 970 offeruntur
582 920 603 968 a
625 901 745 985 populo
769 909 805 969 et
827 900 1030 970 offertorium
1056 907 1256 971 cantatura

169 1010 263 1086 clero,
281 1010 368 1093 qnod
384 1029 425 1078 ex
439 1010 519 1094 ipsa
527 1029 629 1078 cansa
639 1010 835 1078 vocabulum
849 1009 1000 1094 sumpsit,
1015 1009 1110 1092 quasi
1121 1008 1256 1079 offeren-

45 1203 54 1212 ι
124 1199 129 1206 ,
171 1119 253 1186 tium
288 1117 481 1187 canticuml.
528 1107 782 1201 Inmindcuiqne
812 1138 912 1203 snper
941 1118 1050 1186 altare
1078 1117 1256 1202 corporalis

169 1227 302 1311 pallium
310 1225 333 1308 ⁶,
359 1228 445 1311 quod
464 1226 630 1313 significat
643 1224 744 1296 illnd²
763 1227 911 1308 linteum,
937 1246 1001 1311 qno
1016 1246 1135 1311 corpus
1151 1227 1256 1310 salva

170 1336 251 1403 toris
273 1335 516 1405 involvebatur.
553 1335 648 1421 Quod
665 1336 785 1404 exlium
807 1355 890 1420 puro
907 1341 1037 1404 textum
1061 1355 1135 1404 esse
1157 1337 1258 1404 debet

171 1451 299 1514 etnoa
329 1469 367 1513 ea
396 1450 494 1514 serico
525 1445 579 1514 vel
610 1465 766 1528 purpura,
799 1469 895 1532 nepae
925 1441 983 1513 α’
1008 1468 1119 1535 panno
1149 1450 1256 1530 tincto,

170 1550 276 1639 sicut⁹
298 1536 320 1620 a
343 1552 535 1637 Sylvestro⁸
564 1542 652 1636 papa
674 1553 865 1621 institutum
896 1552 1090 1635 invenimus,
1123 1553 1201 1637 quia
1221 1554 1256 1622 iu

170 1661 362 1748 evangeliob
399 1646 553 1746 legiturz'
584 1665 716 1731 sindone
754 1664 875 1731 munda
913 1663 1086 1755 involutam
1125 1681 1199 1730 esse
1236 1682 1257 1732 a
1284 1709 1289 1720 ·

171 1770 195 1838 J
196 1771 297 1855 oseph
306 1767 333 1808 ²⁰
356 1789 474 1854 corpus
490 1770 668 1838 salvatoris
684 1779 713 1840 et
734 1757 939 1840 eademnam
953 1769 1072 1855 eapitis
1088 1770 1159 1839 eius
1180 1782 1259 1855 post

168 1880 444 1948 resurrectionem
466 1879 588 1950 domini
611 1903 675 1948 noa
698 1903 768 1948 cum
791 1881 1023 1950 linteaminibus
1042 1884 1181 1970 posim
1203 1882 1259 1948 aad

167 1986 341 2057 ειεονειιυι11
371 1990 544 2057 involutum
574 1984 760 2057 inveniri¹².
791 1988 989 2079 ‚Ponuntur
1018 1983 1148 2070 quoque
1178 1995 1258 2056 tunc
1320 2011 1324 2016 ·

262 2186 356 2242 ·Lib.
376 2187 456 2249 Pont.
475 2187 509 2265 ed
529 2186 646 2242 Duohaa.
666 2185 688 2254 1,
709 2186 769 2242 lli.
808 2187 856 2242 cir.
884 2186 960 2243 Beda
978 2184 1008 2243 in
1026 2185 1152 2263 evangel.
1171 2184 1258 2258 lierni
1336 2226 1342 2237 .

170 2293 211 2347 cp.
226 2278 267 2333 lb.
289 2276 339 2332 sub
358 2278 406 2333 fin.
445 2277 581 2362 buinath.
602 2275 720 2366 xxvii,
739 2277 783 2333 59.
811 2275 880 2333 Joh:
891 2275 953 2345 XX,
971 2277 995 2332 7.

178 2402 260 2460 batur
284 2420 383 2474 eorpus
408 2404 570 2472 curatoris,
597 2405 668 2474 quod
695 2419 759 2460 non·
775 2404 889 2460 aliunde
911 2403 966 2461 nini
985 2420 1054 2474 puro
1073 2403 1131 2461 lino
1149 2395 1259 2460 textum
1350 2419 1355 2431 ·

127 2560 130 2567 Ι
181 2509 240 2550 eree
259 2493 348 2550 debet.
381 2494 526 2550 Ponuntur
545 2510 621 2563 veen,
641 2489 713 2549 calix
733 2494 890 2564 saputem,
910 2493 1041 2550 dominici
1061 2493 1180 2564 sepulcri
1198 2508 1259 2563 qno

178 2583 324 2640 dammodo
349 2589 448 2655 typum
469 2584 607 2654 tenentia,
628 2584 731 2655 quibua,
746 2583 961 2641 administratur
979 2600 1077 2654 corpus
1096 2583 1202 2640 domiui
1224 2582 1260 2640 ad

172 2676 378 2747 percipiendum
399 2675 538 2752 fidelibus·
554 2674 647 2732 sacrae
672 2675 806 2732 orationis
825 2670 968 2732 eonditum
992 2673 1153 2746 unguentis.
1190 2673 1260 2731 Post

171 2765 205 2820 da
229 2766 384 2822 elevatione
408 2766 498 2821 cordis
522 2765 557 2822 ad
583 2767 680 2834 deum,
715 2766 815 2822 deinde
840 2767 876 2822 iit
901 2765 989 2822 omtio
1015 2781 1064 2835 pro
1090 2763 1260 2821 mocicudia

180 2857 292 2912 vocibus
312 2856 442 2913 humanis
460 2857 595 2927 angelicis
615 2857 771 2913 dicentibus
789 2862 832 2913 ter
850 2862 963 2924 sanctus
981 2855 1140 2924 etreliqna;
1160 2854 1261 2912 deinde

170 2946 338 3003 musecratio
363 2948 484 3018 corporis
509 2954 539 3004 et
564 2947 710 3018 sanguinis
736 2954 766 3003 et
790 2947 946 3018 deprecatio
972 2945 1067 3002 vulida
1090 2946 1165 3025 inter
1190 2959 1260 3015 quae

174 3043 203 3092 at
223 3037 361 3094 dominica
379 3038 475 3094 oratio.
514 3029 590 3109 pacis
609 3038 742 3105 osculum,
762 3054 852 3109 agnus
871 3037 925 3106 dei,
948 3021 1260 3119 postcommunionem,

173 3127 328 3209 benedictio
347 3129 505 3185 sacerdotis.
544 3128 622 3185 'lunc
641 3129 816 3199 praedicetur
835 3144 851 3183 a
871 3128 1010 3202 diacono„
1025 3170 1053 3184 ..
1073 3127 1102 3184 F.

180 3217 183 3222 ’
261 3216 336 3275 ¹'om
350 3219 377 3275 C.
410 3217 480 3275 ¹sie
491 3219 646 3276 DVBCPP¹
660 3235 694 3274 oe
706 3235 750 3274 om
764 3224 793 3274 et
806 3234 884 3289 sang.
914 3217 989 3274 'om
1001 3208 1036 3274 B]
1064 3217 1208 3295 fpotoe
1219 3228 1262 3274 oa'

174 3308 257 3365 'Hic
275 3309 454 3376 interpelavit
472 3310 497 3365 D
517 3326 603 3368 uuum
625 3310 709 3379 capit
729 3326 763 3364 ex
782 3310 887 3365 Isidoro
905 3310 950 3376 (de
969 3311 1016 3365 oil.
1035 3308 1059 3378 1,
1078 3309 1136 3376 14):
1156 3307 1261 3377 „Offer-

173 3400 275 3456 torium
295 3401 397 3470 quippe
417 3401 533 3470 quaein
553 3401 750 3457 eacmficiorum
770 3401 872 3457 honore
897 3431 932 3442 -
957 3401 1036 3457 cuins
1054 3400 1192 3472 unguine
1208 3398 1260 3456 nl·

176 3500 259 3568 vetus
276 3497 321 3547 ¹est
340 3492 487 3560 mnndus“‚
507 3508 524 3546 a
542 3491 657 3548 Rabano
676 3492 705 3548 in
725 3491 781 3547 alio
793 3490 863 3547 libro
883 3491 917 3546 de
930 3490 1014 3548 sacris
1027 3491 1084 3547 ord.
1098 3496 1150 3567 ate.
1169 3506 1212 3560 op.
1225 3489 1262 3547 19

171 3589 346 3654 usurpatum,
373 3584 423 3638 cir.
448 3598 508 3652 sup.
554 3581 565 3614 ⁸
590 3582 731 3652 corporale
755 3583 806 3638 boo
829 3587 873 3638 eat
897 3581 1012 3652 pellium
1032 3579 1084 3637 DV
1108 3580 1264 3652 corporalis

161 3671 306 3744 ,polteo
358 3671 657 3731 'om‘BClibl'PP'S
683 3688 721 3728 oe.
767 3669 1066 3729 ‘inanimalem
1092 3671 1260 3748 LibtPont.

175 3760 278 3819 'sient
295 3756 570 3822 -ss'invenimnsom
591 3762 619 3819 C.
658 3762 680 3794 ¹⁰
698 3763 784 3843 adon,
805 3779 848 3819 om
869 3763 890 3820 C
909 3763 991 3842 itemg
1011 3767 1041 3818 et
1059 3761 1201 3839 sudarium
1224 3791 1259 3804 —

175 3839 303 3910 inveniri.
344 3854 365 3886 ¹¹
383 3854 533 3924 separatim
552 3853 636 3925 Vulg.
677 3852 699 3886 ¹¹
717 3854 863 3911 inventum
882 3860 926 3910 est
943 3851 976 3908 V.
1040 3908 1043 3913 ,
1188 3854 1192 3861 ’
