2744 4456
565 265 767 329 „3-

127 465 285 528 corum“
309 458 501 542 nuncupari,
526 458 560 525 id
585 465 646 538 est,
672 478 745 525 cum
762 478 827 541 qua
852 477 889 526 se
911 459 966 528 vel
983 459 1045 526 sibi
1062 459 1212 527 subditos
1275 541 1278 549 ἱ

126 567 167 635 ad
188 566 361 636 servitium
385 565 532 634 divinum
555 567 723 634 instruere
747 567 878 633 debent.

206 674 355 742 Proinde
385 675 520 742 obsecro
552 681 596 755 te,
631 680 747 741 sancte
776 680 883 758 pater,
916 681 956 742 ut
979 675 1126 743 oblatum
1151 674 1211 742 ubi

124 803 203 868 opus
228 782 388 867 suscipias
411 801 452 850 ac
474 783 528 866 pie
550 784 702 868 relegens
726 783 903 868 diligenter
933 783 1014 850 illud
1035 784 1213 852 ,examines
1269 765 1272 773 ‘

125 901 159 960 et
180 891 230 960 ita
252 911 338 974 quae
359 892 394 958 in
419 911 457 959 eo
479 891 724 960 rationabiliter
745 891 912 959 inveneris
937 892 1073 972 dictata,
1100 892 1130 959 ei
1151 893 1214 959 hoc

124 1001 261 1091 tribuas,
285 1020 307 1068 a
329 1019 393 1084 quo
418 1006 471 1068 est
494 999 618 1068 omnis¹
642 1000 728 1068 ratio
753 1004 876 1068 creata.
918 999 952 1067 Si
976 1020 1042 1083 qua
1065 1020 1144 1068 vero
1168 1001 1213 1067 in·

123 1109 331 1177 coumderate
357 1105 546 1193 repereris²
572 1108 713 1193 prolata,
748 1114 806 1176 tuo
831 1108 940 1176 studio
968 1108 1066 1176 cinus
1093 1108 1214 1176 reddas
1274 1101 1278 1108 “

122 1218 179 1286 illa
202 1216 387 1298 emendata,
413 1222 449 1285 et
464 1216 511 1285 sic
534 1218 631 1285 credo
647 1217 835 1302 legentibus
860 1222 959 1284 erunt
974 1216 1070 1286 utilia
1080 1214 1102 1282 ³.
1143 1217 1213 1284 Tuo

124 1326 208 1394 cuim
232 1325 423 1411 magisterio
440 1343 570 1408 semper
585 1345 638 1392 me
652 1325 759 1392 libens
776 1324 924 1405 subdam,
942 1345 963 1392 a
979 1344 1043 1408 quo
1059 1325 1214 1408 recordor

122 1454 176 1502 me
197 1434 365 1518 accepisse
387 1434 584 1519 digrutatem
617 1433 883 1502 ecelesiasticam.
933 1432 1066 1501 Confido
1085 1441 1213 1502 tamen

122 1543 355 1626 omnipotentis
371 1542 425 1609 dei
440 1543 579 1627 malias,
598 1543 684 1624 quod
699 1542 797 1610 fidem
815 1547 850 1609 et
866 1560 999 1610 sensum
1015 1530 1213 1609 catholicum
1234 1569 1240 1580 ⁴

122 1651 156 1718 in
191 1649 340 1718 ommbus
374 1647 578 1730 tenuerim⁴;
615 1670 677 1717 neo
711 1669 771 1732 per
801 1670 854 1717 me
885 1649 981 1732 quasi
1017 1668 1057 1716 ex
1088 1669 1142 1716 me
1175 1669 1214 1717 ea

122 1758 254 1843 protuli,
272 1759 331 1826 sed
346 1758 540 1826 auctoritati
554 1758 700 1825 innitens
712 1757 872 1825 maiorum
884 1777 947 1858 per
960 1758 1069 1825 omnia
1083 1757 1213 1826 illorum
1321 1781 1324 1787 ·

122 1865 266 1951 vestigia
289 1886 359 1934 sum
390 1873 542 1965 secutus:
576 1865 777 1950 cyprianum
809 1866 880 1933 dico
912 1871 1014 1948 atque
1037 1865 1211 1946 Hilarium,

122 1959 349 2054 Ambrosiam,
397 1974 652 2058 Hieronymum,
704 1974 946 2059 Augustinum,
1003 1973 1209 2059 Gregorium,

121 2083 303 2163 Joaunem,
336 2080 549 2163 Damasum⁵,
583 2081 813 2150 cassiodorum
838 2088 939 2165 atque
962 2079 1149 2179 Isidorum*⁶
1179 2088 1215 2150 et
1308 2102 1312 2113 ¹

122 2199 251 2259 ceteros
281 2191 463 2271 nonnullos,
496 2210 634 2274 quorum
666 2191 755 2258 dicta
787 2191 906 2259 alieubi
935 2190 969 2257 in
999 2191 1071 2274 ipso
1103 2210 1212 2274 opere,

121 2299 171 2367 ita
192 2305 233 2367 ut
255 2300 298 2367 ab
323 2299 370 2367 eis
402 2299 527 2382 scripta
558 2306 637 2367 sunt
660 2296 742 2382 pro⁷
766 2299 996 2366 convenientia
1019 2299 1123 2382 posui
1158 2298 1213 2367 ali·
1322 2314 1325 2322 ·

122 2407 195 2476 cubi
211 2427 342 2491 quoque
358 2427 470 2475 eorum
487 2426 620 2475 sensum
636 2408 718 2475 meis
734 2408 846 2475 verbis
862 2414 999 2491 propter
1011 2407 1212 2476 brevitatem

122 2517 230 2601 operis
260 2515 403 2583 strictim
436 2517 624 2594 enunuavi;
657 2516 824 2584 interdum
855 2535 953 2595 vero,
990 2516 1046 2583 ubi
1077 2523 1213 2585 necesse

122 2623 195 2706 fuit,
213 2619 392 2692 secundum
406 2624 572 2708 exemplar
585 2643 696 2691 eorum
710 2624 870 2707 quaedam
884 2643 983 2691 sensu
995 2644 1067 2692 meo
1079 2625 1212 2708 protuli.

123 2731 161 2800 lu
192 2732 343 2800 omnibus
376 2737 497 2812 tamem
530 2732 564 2798 ni
595 2730 701 2812 fallor,
735 2732 929 2800 catholicam
960 2732 1111 2799 imitatus
1141 2752 1214 2801 sum

54 2879 60 2889 ·
123 2841 311 2920 veritatem,
336 2860 358 2908 a
381 2859 455 2923 qua,
481 2839 510 2907 si
532 2840 683 2907 domiuus
707 2841 882 2920 adiuverit,
907 2860 972 2906 nou
989 2837 1122 2924 patiar⁸
1146 2841 1212 2908 ullo

116 2949 217 3048 ‘modo
248 2947 369 3029 divelli,
402 2968 500 3033 quam
532 2959 567 3017 et
598 2956 633 3016 tc
664 2968 745 3032 prae
776 2949 925 3016 omnibus
957 2950 1081 3016 babere
1112 2956 1234 3031 atauo
1319 3007 1347 3030 ,,

123 3075 236 3125 amare
259 3055 394 3124 confido.
443 3056 491 3124 Et
520 3056 593 3124 ideo
626 3064 686 3124 tua
710 3055 869 3142 suffragia
892 3057 1030 3141 supplex
1053 3064 1141 3140 peto,
1173 3065 1214 3125 ut

122 3165 195 3250 ipsa
216 3163 362 3245 Veritas,
395 3157 538 3233 ommium
569 3166 713 3232 creatrix
745 3172 846 3249 atque
877 3166 1102 3250 gubernatrix,
1135 3165 1215 3233 licet

123 3292 187 3341 nou
217 3273 300 3341 mus
314 3272 475 3353 meritis,
513 3280 624 3340 tamen
660 3282 796 3357 propter
831 3282 923 3341 tuam
955 3274 1212 3341 sacratissimam

123 3382 304 3450 orationem
328 3401 382 3449 me
403 3382 438 3449 in
463 3401 500 3449 se
524 3382 595 3449 sine
618 3383 684 3449 ullo
709 3382 804 3450 devio
829 3370 955 3449 erroris
980 3383 1014 3449 in
1039 3390 1212 3450 aeternum

133 3660 137 3666 ·
213 3632 286 3690 ¹om
304 3648 411 3702 cccxc.
431 3633 458 3689 h.
496 3629 731 3702 ’reperierisP¹.
762 3629 966 3686 ’et-utilia
985 3624 1090 3701 om'oc
1109 3647 1165 3687 exc.
1186 3631 1213 3687 h.

122 3722 267 3782 ‘mum
290 3722 367 3779 MP¹.
406 3722 630 3779 bDamasceuum
646 3720 723 3776 hDV.
771 3720 883 3791 ⁶atque
904 3721 970 3777 laid.
995 3737 1037 3777 om
1062 3738 1092 3777 oe
1109 3736 1170 3810 [exc.
1186 3721 1212 3777 h.

123 3812 134 3844 ¹
152 3827 203 3886 per
220 3830 333 3872 tauron
354 3829 385 3870 oe
403 3829 460 3870 exc.
480 3814 507 3869 h.
546 3812 557 3846 ⁸
576 3814 615 3869 sic
635 3814 661 3869 h.
682 3829 716 3869 oa
735 3813 835 3884 patior.

1061 3903 1075 3957 1
1085 3905 1100 3937 t
