2820 4462
477 199 481 211 Ι
590 256 725 322 -76
776 282 842 348 -ε,

72 467 75 474 ·
134 469 245 534 ‚vasa
268 456 393 532 sancta.
418 451 507 534 quod
529 458 582 520 est
597 451 683 521 calix
699 457 734 520 et
747 455 880 536 patena,
906 468 1008 535 super
1021 451 1251 533 altare-onae
1307 526 1309 530 Α
1340 486 1343 497 ,

162 559 398 643 quodammodo
412 560 565 629 dominici
583 557 745 644 sepulcri1
768 564 886 645 typum
905 560 1044 639 habent·;
1070 559 1148 642 quia
1164 558 1252 627 sicut

162 674 243 737 tunc
265 686 383 752 corpus
399 667 528 737 Christi.
547 669 760 760 aromatibus·
774 664 910 738 unctum
931 667 967 736 in
990 669 1140 752 sepulcro
1162 686 1249 737 nouo

104 771 108 778 ’
161 796 222 862 per
243 776 371 860 piorum
391 774 569 861 officinmi·
584 778 796 855 condebatur,
825 777 880 846 ita
899 773 1078 845 modo²·in
1107 776 1246 846 ecclesia
1282 823 1285 828 -
1333 839 1343 857 p

162 886 345 971 mysticum
368 905 485 971 corpus
516 886 603 954 illius
635 905 709 955 cum
739 886 918 971 unguentis
946 904 1062 954 sacrae
1089 885 1249 954 orationis

162 993 329 1062 conditum
355 995 390 1062 in
413 995 504 1064 rasis
534 994 638 1065 sacris
668 994 718 1062 ad·
739 993 985 1078 percipiendum
1013 993 1166 1063 fidelibus
1189 1013 1250 1080 per
1356 986 1376 1015 ⁶

163 1103 371 1171 sacerdotum
394 1101 538 1187 officium
565 1098 846 1170 administratur³¹
884 1102 1022 1183 „Postea
1051 1103 1153 1171 missa
1176 1108 1250 1171 cad·
1297 1189 1305 1198 =
1361 1170 1364 1175 ,

163 1217 257 1280 tatur
286 1231 308 1278 a
336 1207 537 1292 sacerdote‘,
568 1211 625 1294 qni
651 1215 828 1309 postquam
857 1210 1006 1293 loquitur
1027 1211 1070 1278 ad
1092 1212 1249 1296 populum

162 1321 204 1388 de
220 1319 405 1389 elevatione
420 1319 527 1387 cordis
543 1319 699 1406 addeum
715 1320 977 1402 exhortaturque
992 1337 1049 1387 eos
1065 1319 1108 1387 ad
1122 1318 1251 1406 gratias
1345 1352 1350 1362 ·
1374 1379 1380 1389 .

162 1429 307 1514 agendas
334 1427 477 1509 domino,
509 1427 662 1496 laudibus
678 1428 876 1511 ¹osimplet
904 1433 1075 1514 rogatque,
1109 1435 1148 1496 nt
1177 1427 1249 1514 ipse

162 1538 367 1622 omnipotens
383 1538 465 1606 deus
480 1543 587 1622 pater,
612 1537 665 1606 cni
677 1537 871 1606 deserviunt
886 1533 1050 1606 caelestes
1063 1525 1251 1622 potestates

136 1667 223 1716 sua
257 1645 370 1732 gratia
403 1647 534 1716 illorum
565 1646 707 1743 vocilius
736 1646 852 1715 iubeat
883 1647 1046 1714 humanas
1078 1646 1248 1716 adsociare

162 1754 409 1838 confessiones
427 1748 533 1841 Quam
557 1754 822 1838 deprecationem
844 1774 920 1823 mox
940 1755 1154 1838 subsequitur
1176 1755 1251 1823 laus

157 1885 204 1934 ex
231 1865 387 1951 angelicis
420 1871 456 1932 et
494 1864 646 1933 humanis
677 1863 844 1942 cantibus
864 1862 1031 1932 confecta:
1073 1863 1248 1944 ,‚Sanctus‚
1377 1908 1380 1913 <

162 1972 314 2055 sanctus‚'
333 1979 468 2042 sanctus
493 1973 642 2042 dominns
665 1972 747 2040 deus
771 1971 928 2054 Sabaoth,
952 1972 1041 2055 pleni
1064 1978 1144 2040 sunt
1168 1973 1252 2041 caeli

163 2090 198 2152 et
213 2090 306 2150 terra
326 2082 431 2168 gloria
452 2087 531 2150 tua“
551 2087 613 2149 ete.
650 2081 777 2150 Dehinc
795 2081 862 2148 iam
878 2081 1081 2149 consecratio
1105 2081 1249 2165 corporis
1308 2123 1312 2130 ·

57 2219 89 2281 j
163 2197 205 2259 et¹
221 2190 390 2276 sanguinis
421 2190 542 2258 domini
571 2190 612 2257 tlt
642 2196 677 2257 et
707 2189 895 2274 deprecatio
925 2188 1037 2259 valida
1068 2190 1110 2257 ad
1141 2190 1264 2268 deum,-

161 2300 250 2368 inter
283 2319 369 2383 quae
404 2305 440 2368 et
470 2292 631 2367 dominica
665 2298 771 2366 oratio
806 2299 1014 2367 decantatur.
1069 2282 1252 2383 Postquam

71 2409 77 2422 '
163 2401 267 2487 enim,
286 2408 330 2495 ad
364 2407 666 2476 communicandum
698 2409 741 2475 'et
772 2407 815 2475 ad
848 2407 1104 2492 percipiendum·
1131 2426 1249 2492 corpus

69 2530 71 2534 ·
161 2522 359 2601 perventum
395 2513 494 2598 erit⁶,
515 2515 622 2600 'pacis
657 2516 803 2584 osculum
839 2516 901 2584 sibi
934 2516 1088 2586 invicem·
1110 2516 1250 2584 tradunt
1388 2602 1391 2606 .

162 2631 354 2693 cantantes:
383 2632 515 2716 „Apsus
538 2629 598 2711 dei,
621 2630 676 2713 qai
688 2621 795 2696 τοὶῑίε8
811 2636 939 2719 peecata
962 2629 1083 2711 mundi,
1105 2631 1252 2696 micuere

162 2735 284 2820 neom,
314 2741 354 2804 ut
383 2735 510 2819 pacifici
533 2739 776 2803 sacramentum
807 2734 1026 2818 percipientes
1052 2733 1087 2801 in
1110 2732 1251 2801 filiorum

162 2844 216 2913 dei
242 2863 387 2925 numero,
420 2843 569 2912 remissis
597 2842 726 2912 delictis
756 2843 916 2920 omnibns,
946 2848 1139 2910 mereantur
1169 2861 1253 2909 com·
1340 2931 1344 2937 Δ

161 2949 300 3038 putarit
337 2953 420 3020 Post
435 2952 693 3021 communionem
710 2970 787 3037 ergo
805 2957 932 3036 etpost
948 2951 1093 3018 eiusdem
1109 2949 1249 3017 nominis

162 3061 326 3130 canticum
345 3061 426 3130 data
440 3060 667 3129 benedictione
683 3080 704 3127 a
720 3060 892 3128 sacerdote
908 3060 951 3126 ad
973 3055 1122 3154 plebem⁸
1146 3059 1250 3126 diaco·

70 3179 72 3182 ’
162 3189 224 3261 nus
247 3166 446 3253 praedicatl,
472 3170 593 3237 missae
613 3168 756 3237 officium
781 3188 854 3237 esse
869 3175 1041 3253 peractum
1056 3168 1139 3235 dans
1154 3167 1251 3235 licen·

163 3278 244 3346 tiam
267 3277 417 3346 abeundi.
465 3278 574 3345 Istum
604 3297 682 3363 ergo
713 3277 859 3344 ordinem
889 3278 931 3344 ab
962 3275 1120 3366 apostolis
1150 3281 1186 3343 et
1208 3275 1251 3342 ab

162 3386 349 3471 apostoHcis
369 3386 453 3456 viris
478 3387 638 3454 tralitum
669 3405 804 3453 romana
833 3391 928 3453 tenet
959 3383 1096 3454 ecclesia
1127 3390 1179 3453 et¹
1191 3402 1252 3467 per

103 3506 108 3513 ⁵
257 3530 404 3600 ¹oorporis
423 3530 457 3585 D.
496 3528 570 3586 'om
590 3530 618 3585 C.
651 3520 859 3586 ³ministratur
877 3529 910 3584 V.
931 3528 953 3586 ‚⁴
972 3529 997 3585 D
1016 3527 1129 3586 exhibet
1147 3527 1251 3583 iterum

162 3622 275 3692 longam
288 3620 526 3678 intercalationem
539 3638 573 3678 ax
586 3621 655 3679 libro
665 3621 774 3679 Rebeni
788 3625 822 3679 de
834 3620 919 3703 sacris
932 3620 990 3676 ord.
1003 3636 1045 3690 cp.
1060 3618 1108 3674 19:
1124 3618 1250 3674 Primum

162 3727 227 3782 ergo
246 3712 370 3768 oratione
388 3711 425 3752 -‘
442 3712 516 3767 finis.
549 3711 666 3768 ⁵fuerit
684 3729 723 3770 oe.
754 3712 860 3770 ‘tollit
878 3712 925 3767 BP
943 3707 1011 3766 corr'.
1041 3708 1194 3780 'copulari
1207 3725 1248 3764 oe.

163 3801 259 3859 'tunc
285 3803 460 3872 praedicetur
484 3819 501 3858 a
521 3793 636 3859 diacono
662 3803 776 3875 licentia
796 3802 915 3860 abeundi
934 3807 1047 3872 peracta
1066 3801 1159 3857 missa,
1197 3799 1250 3854 Ex·

78 3959 82 3968 ,
162 3895 243 3965 plicit
261 3893 331 3951 liber
349 3895 464 3964 primus.
494 3894 524 3948 F.
563 3892 638 3950 ⁹om
656 3894 687 3949 B.
882 3890 885 3896 ’
