2744 4456
544 253 790 321 -197—

121 452 196 534 quin
218 454 322 532 mapis
338 471 399 537 per
414 449 518 534 fidem,
543 470 635 536 quam
649 472 708 537 per
730 453 860 538 speeiem
876 441 1066 535 ambulatur,
1090 471 1159 517 tum
1172 455 1208 516 tu

121 557 179 623 lac
204 560 268 623 aila
286 560 563 644 perepiinamur·,
588 561 729 644 quamvis
755 560 1018 624 conversationem
1039 557 1208 626 lateamus

121 668 156 730 iu
179 663 301 734 caelisb.
338 666 384 733 Ier
402 666 459 732 hoe
482 675 583 732 autem
607 669 713 752 prades
736 669 783 734 ita
799 674 922 754 purpat
946 665 1068 734 eadum
1091 667 1206 751 cerdis,

120 783 155 840 ut
184 769 331 843 ueritati¹
361 796 401 840 ue
430 770 589 860 seipsum*
619 776 745 860 quidem
770 774 939 861 praeferat
961 769 1040 841 aut³
1062 775 1207 859 conferat

114 886 320 969 proximum
343 904 416 969 erpo
439 905 495 949 uec
517 887 662 970 seipsum,
687 886 763 969 quia
786 905 841 949 nea
861 882 960 968 illum,
990 904 1080 968 quem
1102 883 1208 971 dilipit

120 994 199 1057 sieut
221 1013 253 1058 se
276 995 387 1078 ipsum.
434 991 509 1058 Erit
532 1013 605 1074 erpa
628 994 686 1059 iste
715 999 842 1060 sauctus
865 1001 931 1058 tam
953 993 1091 1080 simplici
1114 991 1207 1060 corde

121 1109 211 1185 atque
233 1101 395 1183 mundato,
424 1108 459 1166 ut
482 1121 577 1191 usque
599 1100 775 1167 homiuibus
801 1101 951 1186 placendi
972 1101 1078 1167 studia
1103 1101 1205 1167 detar-

120 1217 298 1292 queaturu
329 1202 437 1291 vero⁴,
472 1230 527 1274 uec
556 1217 695 1296 respectu
726 1208 968 1276 devitandorum
1000 1207 1206 1293 quarumlibet

120 1317 385 1384 incommodarum
407 1338 546 1401 suarum,
570 1340 649 1403 quae
665 1318 876 1386 adversantur
895 1317 969 1384 luia
983 1319 1074 1384 visae.
1116 1313 1205 1383 Talis

120 1425 206 1510 utne
235 1427 375 1495 aseendit
405 1426 450 1492 ad
470 1428 669 1512 sapientiam,
701 1447 781 1512 quae
810 1426 923 1492 ultima
945 1433 974 1492 et
996 1427 1128 1512 septima
1152 1432 1206 1508 est,

121 1557 182 1622 qua
208 1529 365 1621 pacatus⁶
398 1535 647 1621 tranquillusque
680 1533 870 1622 perfruitur.
928 1534 1072 1617 ,initium
1101 1525 1206 1600 entm⁰

119 1645 291 1730 sapientiae
319 1645 416 1711 timor
446 1642 611 1709 damini‘0.
658 1643 709 1710 Ab
732 1643 788 1710 illo
813 1645 893 1708 euim
917 1663 1012 1728 usque
1035 1643 1080 1708 ad
1102 1644 1205 1728 ursam

115 1772 176 1837 per
198 1752 254 1818 lens
276 1753 397 1835 pratus
420 1741 583 1818 tenditur²
606 1760 634 1818 et
657 1748 808 1818 venitur.“

442 2052 445 2059 ,
595 1983 672 2069 Cap.
699 1989 729 2053 5.

121 2142 243 2228 QUOD
273 2144 323 2224 IS,
359 2145 437 2230 QUI
465 2146 529 2214 AD
559 2144 833 2214 SAPIENTIAE
860 2143 1205 2213 INTEGRITATEM

180 2252 419 2333 PERVENI'P,
444 2253 508 2321 AD
534 2253 770 2322 OARITATIS
794 2251 1149 2321 PERFEUPIONEM

530 2360 802 2430 PERVENIAT.

211 2523 403 2609 Quicunque
426 2525 529 2610 igitur
552 2525 594 2592 nd
619 2525 801 2610 sapientius
825 2525 952 2592 eulmen
975 2522 1138 2607 pervenit,
1163 2522 1206 2590 ud

120 2631 289 2718 festigium
313 2634 464 2702 cantatis
487 2634 664 2718 perveniat
678 2652 814 2701 necesse
830 2642 891 2714 est
917 2632 994 2715 quia
1017 2650 1111 2699 nemo
1134 2650 1205 2715 per·

119 2739 207 2809 lecte
237 2743 333 2826 sapit,
364 2742 427 2810 nisi
456 2742 485 2809 is
516 2743 571 2825 qui
603 2741 750 2825 perfecte
781 2740 896 2826 diligit.
945 2738 1083 2824 Quando
1115 2739 1201 2807 enim

120 2850 192 2931 quis
215 2869 275 2934 per
297 2851 422 2941 gradus
450 2847 659 2935 praedictos*
690 2851 733 2919 ad
764 2850 948 2935 sapientiae
970 2847 1206 2933 plenitudinem

120 2958 235 3025 studet
250 2959 431 3042 pervenire,
457 2958 537 3027 nihil
552 2959 641 3027 uliud
665 2960 745 3044 agit,
771 2959 834 3027 uisi
853 2965 893 3026 ut
912 2957 955 3025 nd
970 2955 1205 3041 perlectionem

120 3066 270 3134 caritatis
305 3069 493 3151 perveniat,
532 3076 567 3135 et
601 3076 762 3151 quantum
797 3066 927 3151 proficit
960 3065 994 3133 iu
1031 3064 1204 3148 sapientie,

120 3182 251 3242 tsnmm
274 3176 404 3259 proficit
425 3176 458 3244 in
483 3177 633 3245 cantate.
680 3176 908 3244 Praediximus
933 3175 1028 3253 euim,
1058 3173 1205 3257 quadiu

120 3282 305 3368 munitione
328 3284 477 3367 perfecta
501 3287 685 3371 sapientiae
701 3284 873 3353 beatitudo
892 3304 974 3352 vera
997 3284 1204 3362 consisteret,

210 3512 224 3543 ·
247 3501 282 3557 u.
302 3501 362 3558 cor.
382 3501 429 3569 u,
451 3502 475 3556 r.
506 3501 611 3558 bPhil
632 3503 684 3570 m,
699 3501 742 3556 so.
780 3500 854 3556 0122.
874 3499 931 3568 au
952 3499 993 3555 10.
1022 3498 1095 3554 usu.
1115 3497 1138 3568 1,
1158 3497 1201 3554 ιε.

212 3647 221 3681 ¹
247 3649 367 3704 ueritate
390 3664 430 3704 os.
488 3646 499 3679 ⁸
530 3664 574 3703 om
599 3647 689 3703 PP¹A.
749 3646 761 3678 ⁸
785 3653 819 3702 nt
838 3662 869 3702 oe
887 3645 951 3700 PP¹.
1013 3645 1025 3677 ⁴
1055 3643 1136 3700 verbo
1166 3659 1205 3700 aa

120 3736 231 3802 ‘niem
247 3746 363 3808 pacatur
376 3739 443 3802 P0e;
459 3739 584 3808 plaeetne
598 3755 629 3794 oc
642 3754 698 3795 exc.
709 3737 740 3795 P.
769 3737 781 3770 ⁸
793 3753 836 3792 om
847 3735 943 3792 lssl¹S.
971 3733 981 3767 ¹
995 3735 1153 3793 annuitur
1165 3749 1204 3791 oe.

120 3826 132 3860 ⁸
151 3829 324 3898 eupndictae
343 3846 381 3886 oe.
