2744 4456
603 279 669 308 -·
695 251 773 328 ass
807 292 853 307 -

187 468 221 530 in
240 469 393 551 potestate
415 468 460 530 est
482 461 660 548 aloquastis,
690 469 736 527 ut‘
756 461 906 527 dicantur
935 457 1091 526 nonnulla
1117 457 1294 553 submisse,

186 575 281 640 etiam
308 591 388 658 quae
412 580 543 658 possent
569 570 737 658 proncitur
772 569 846 653 dici,
875 576 912 632 ut
941 588 989 650 eo,
1017 588 1098 653 puna
1127 569 1277 636 dicuntur

186 681 362 766 manaim,
378 701 417 747 en
432 680 562 746 illorum
576 678 657 764 fiant
672 679 907 764 comparatione
921 677 1111 762 mundiora,
1126 674 1161 744 et*
1170 698 1277 744 sonim

162 798 346 876 tommmm
383 788 502 854 umbris
540 787 748 854 luminosiora
781 786 969 854 reddantur.
1023 783 1065 851 Iu
1096 806 1277 872 quocunqne

187 904 290 967 autern
317 919 426 984 penore
457 896 567 982 aliquo
597 897 812 982 quaestionum
844 894 972 961 oioicula
1005 894 1158 960 soluendo
1191 900 1276 974 sunt,

187 1008 329 1074 ocurains
351 1026 430 1093 opus
445 1013 498 1084 est,
522 999 629 1090 ᾳιιοά1
651 1002 713 1070 sibi
730 1003 914 1070 submissum
933 1023 1031 1088 penus
1050 1005 1184 1090 proprie
1207 1007 1276 1069 oin-

187 1108 301 1182 dicat².
355 1117 405 1180 Ac
429 1114 637 1201 perhacto
667 1133 778 1197 penne
805 1113 955 1180 amaon
984 1119 1030 1178 ast
1058 1119 1087 1178 et
1116 1105 1176 1177 in³
1203 1111 1294 1179 aliis·

188 1223 308 1290 duatus
335 1221 513 1308 peneribus,
550 1221 678 1307 mando
707 1222 751 1286 eis
782 1222 844 1288 isto
871 1221 1037 1302 inm'dunt,·
1071 1214 1173 1288 siout‘
1205 1221 1278 1286 laoc-

188 1333 331 1399 dandum
353 1330 476 1416 aliquio
498 1328 547 1395 ool
561 1331 814 1415 vituperantium,
838 1328 891 1394 nbi
914 1349 969 1395 nec
992 1329 1157 1399 damnatio
1173 1332 1276 1397 cuius·

187 1460 292 1526 auam
321 1459 376 1506 nec
405 1438 565 1519 liberatio,
595 1459 650 1503 neo
679 1437 723 1503 ao
750 1439 905 1504 actionem
932 1437 1100 1522 quamlibet
1129 1439 1276 1506 adsensio

186 1550 368 1633 requiritur,
390 1544 427 1610 vin
452 1567 632 1631 qrcommquc
655 1546 719 1611 olio
734 1566 844 1628 penore
868 1539 1072 1628 occurrerit⁶,
1095 1569 1193 1630 ¹aestus
1218 1549 1277 1613 arl-

186 1655 354 1722 hibrndum
376 1660 406 1722 et
421 1654 682 1740 interponendum
700 1662 745 1720 est
760 1661 972 1740 temperatum.
1004 1653 1045 1720 ln
1067 1657 1188 1739 prandi
1203 1677 1277 1741 erpo

186 1785 296 1849 patera
325 1763 489 1831 inveniunt
519 1761 602 1828 locos
634 1783 707 1828 suos
743 1763 805 1828 dno
838 1770 954 1845 cauo,
988 1771 1017 1828 et
1050 1766 1085 1828 in
1120 1763 1275 1831 ammisso

186 1868 362 1955 similiter“,
389 1873 445 1955 ,si
462 1864 520 1936 ut⁶
535 1871 615 1953 dini,
639 1872 787 1956 quaetio,
812 1871 900 1936 onita
915 1871 1018 1937 nodosa
1032 1871 1200 1940 winradus
1223 1880 1276 1955 nst,

187 1985 352 2062 incurrat;
382 1978 429 2046 ool
459 1980 586 2065 quando
609 1978 774 2058 nonnulla,
804 2000 883 2066 puae
906 1982 1019 2045 ornari
1036 1990 1175 2067 possem,
1209 1983 1277 2048 ideo

187 2110 252 2155 non
282 2083 472 2172 amicust,
497 2094 552 2171 „nt
572 2087 756 2172 quibusdam
776 2081 890 2172 φιιωίτ
913 2091 992 2154 toris
1020 2098 1276 2167 ornamentorum

182 2195 356 2284 proebeant
386 2197 616 2261 emionntiomm
645 2189 797 2263 loonm³“.
846 2193 1069 2262 submissum*
1098 2214 1204 2281 genus
1233 2196 1276 2264 di-
1310 2188 1313 2193 ⁴

188 2303 283 2370 cendi
313 2302 449 2370 silentes
478 2301 583 2380 dccet,
617 2307 652 2368 et
683 2307 904 2385 temperatum
927 2322 1030 2384 genus
1053 2304 1275 2374 delectatione

188 2430 249 2479 sua
263 2409 516 2479 acclamationes
533 2409 736 2478 audientium
752 2411 885 2496 excitat,
903 2412 1029 2496 grande
1041 2419 1154 2486 autem
1169 2434 1275 2500 genus

187 2520 379 2603 pleramque
406 2518 550 2603 pondero
582 2538 641 2586 suo
656 2538 763 2587 noces
794 2519 922 2602 premit,
956 2520 1016 2589 sed
1046 2521 1200 2591 lacrimas
1224 2544 1275 2593 an·

188 2627 301 2713 primii
324 2634 359 2695 et
382 2627 444 2695 hoo
470 2627 634 2714 ,cirsteb‘2
661 2633 744 2713 „nisi
759 2633 832 2715 quia
848 2634 964 2698 ueritas
986 2635 1032 2698 sic
1048 2634 1274 2718 demonstrato,

279 2871 293 2901 ὓ
316 2876 430 2930 sequens
450 2860 586 2931 expositio
606 2861 782 2932 paraphrasis
807 2867 851 2918 ast
868 2862 1019 2948 secundnm
1038 2879 1097 2934 cap.
1111 2863 1146 2920 25
1167 2865 1214 2922 lib.
1229 2867 1275 2923 IV.

176 2950 204 2991 'b
224 2950 242 3005 l.
262 2965 283 3005 c.
303 2950 352 3019 IV,
372 2949 415 3007 26.
1270 2970 1272 2974 ’

282 3094 384 3165 ¹qnid
410 3094 508 3152 mins.
548 3095 713 3153 'vendicat
739 3114 778 3154 oe.
816 3097 889 3154 ³om
910 3115 949 3155 oe.
987 3098 1091 3156 ⁴sicnt
1115 3107 1160 3158 est
1178 3102 1276 3160 PP¹oe.

190 3183 201 3215 ⁶
229 3185 349 3240 occurrit
377 3200 416 3241 oe.
469 3185 481 3218 ⁰
505 3187 578 3242 sicut
602 3187 705 3244 PP'oe.
758 3187 768 3218 ⁷
792 3205 906 3258 quornm
936 3207 967 3247 oe
995 3206 1051 3247 cxc.
1080 3207 1115 3247 m.
1175 3191 1275 3250 ⁸Tota

189 3274 329 3330 mutantis
354 3292 370 3330 a
396 3276 545 3344 „similiter
570 3308 604 3318 -
632 3279 841 3336 eminentiorem
867 3280 975 3337 locnm“
1001 3289 1131 3352 corrupta
1160 3290 1204 3340 cst
1233 3285 1276 3340 sel

189 3364 223 3420 ab
243 3362 407 3435 excerptam
432 3367 548 3423 Rabano
573 3370 618 3424 vel
644 3386 661 3424 a
684 3370 872 3440 scriptoribus.
913 3372 996 3441 Apud
1019 3373 1211 3443 Augustinnm
1237 3374 1276 3430 sic

189 3453 348 3511 exhibetur:
370 3500 396 3510 ..
417 3462 464 3525 „et
482 3458 512 3514 in
531 3458 666 3515 submisso
686 3460 824 3516 similiter.
856 3460 1053 3531 Temperatmn
1073 3470 1168 3520 antem
1186 3480 1275 3536 genus
1333 3504 1336 3510 ·

188 3562 244 3601 non
262 3545 373 3614 quidem
393 3562 507 3617 semper,
534 3550 582 3604 sed
602 3556 695 3606 tamen
721 3551 870 3620 aliquando
889 3552 1025 3608 submisso
1043 3553 1163 3624 indiget,
1190 3555 1224 3624 si,
1242 3561 1275 3611 nt

190 3635 257 3704 nixi,
277 3637 409 3704 quaestio,
429 3637 507 3694 cuins
526 3641 614 3696 nodus
634 3647 677 3696 est
690 3642 845 3709 solvendus,
866 3642 1003 3707 incurram
1024 3645 1069 3700 vel
1087 3646 1198 3713 (litando
1212 3663 1275 3703 non·

188 3726 275 3794 nulla,
294 3742 363 3795 qnae
382 3729 608 3799 mancipassent,
628 3731 689 3789 ideo
702 3749 757 3788 non
770 3739 913 3802 ornantur,
933 3735 981 3790 sed
994 3734 1130 3791 submissa
1150 3751 1276 3793 sermone

190 3817 329 3885 dicuntur,
349 3822 382 3873 ut
398 3818 567 3888 ‘quibusdam
587 3811 665 3890 qnasi
685 3823 771 3878 toris“
791 3830 843 3879 etc.
