2744 4456
402 246 774 319 Υ--131--

110 451 238 519 laetitia
270 458 306 518 et
337 449 454 533 gaudio
487 446 650 533 spiritali1
664 548 667 550 v
681 446 876 516 sacrificium
905 445 1025 515 offeni.
1073 446 1113 514 In
1137 446 1201 514 hac

112 560 161 629 die
183 580 334 644 vespera·
349 552 424 628 cum
448 559 578 626 silentio
603 559 801 634 celebratur,
830 563 870 625 ut
893 555 996 639 quieti
1020 554 1201 624 dominicae

112 669 301 752 sepulturae
324 667 497 736 veneratio
520 661 728 734 exhibeatur.

573 918 651 1002 Cap.
678 923 731 988 38.

279 1081 342 1149 DE
367 1080 570 1150 SABBATO
597 1079 767 1150 SANCTO
792 1079 1031 1149 PASOHAE⁸.

203 1247 354 1333 „sancet
371 1246 536 1333 paschaiis
567 1249 724 1314 eoreerotio
758 1246 831 1328 leiim
858 1246 1034 1339 celebretur
1059 1269 1123 1334 pro
1156 1270 1201 1332 eo,
1276 1278 1282 1286 ·
1346 1335 1350 1344 1

111 1358 193 1442 quod
214 1358 322 1422 eodem
338 1356 389 1420 ‹iie
412 1357 558 1421 ricuinus
581 1357 616 1420 iu
639 1354 781 1440 seperiora
798 1357 923 1439 quievit.
970 1355 1058 1422 [oue
1081 1356 1199 1445 nome
1308 1405 1311 1410 .

113 1468 143 1531 iu
172 1465 304 1533 ltebrose
334 1485 474 1531 sermone
508 1463 674 1532 sublicium
707 1467 827 1548 requies
861 1466 1105 1550 interpretatur,
1139 1468 1203 1533 sice
1276 1513 1279 1520 ·

112 1575 193 1659 quod
216 1573 291 1640 durs
314 1576 349 1638 in
371 1595 405 1639 eo
438 1575 585 1658 requievit
617 1573 668 1638 elie
698 1563 817 1638 mundo
835 1573 990 1658 perfecto,
1022 1575 1085 1640 sice
1118 1575 1202 1659 quoti
1300 1609 1302 1615 .

111 1685 142 1748 in
174 1705 208 1749 ee
239 1684 384 1748 domiuus
416 1687 444 1749 et
475 1682 654 1766 redemptor
684 1687 790 1748 noster
820 1684 969 1766 requievit
992 1683 1026 1746 iu
1049 1682 1203 1768 sepulcro.

113 1792 174 1857 Hic
205 1800 307 1857 oeten
343 1792 409 1856 dies
443 1792 525 1855 iuter
559 1798 689 1854 mortem
723 1790 845 1854 domini
880 1796 908 1856 et
943 1792 1205 1875 resurrectionem

80 1912 83 1920 '
110 1902 229 1968 medius
263 1906 321 1982 est,
356 1899 540 1983 siquificaus
576 1902 712 1983 requiem
747 1900 910 1983 quandem
945 1901 1128 1964 neumarum
1162 1899 1206 1965 ab

112 2012 196 2075 muni
218 2009 326 2075 labore
349 2011 492 2093 omnique
515 2000 680 2075 molestia²
706 2013 780 2093 post
801 2013 942 2086 mortem,
963 2027 1024 2092 per·
1047 2028 1141 2092 quam
1165 2008 1205 2082 fic

111 2120 263 2184 transitus
284 2139 341 2204 per
363 2119 620 2197 resurrectionem
650 2119 756 2181 curnis
782 2117 826 2181 oei
850 2115 941 2182 ellam
964 2117 1074 2198 eitam,
1106 2137 1208 2201 quum-

112 2226 256 2292 dominus
278 2231 384 2293 noster
406 2225 499 2292 Jesus
526 2218 690 2296 Οὴνίειιιε3
711 2245 771 2309 suu
785 2226 1011 2291 resurrectione
1029 2247 1199 2312 praemon·

111 2328 248 2400 etr-asse*
270 2334 421 2420 (liquatus
444 2328 519 2400 eu.“

200 2438 240 2506 In
255 2440 318 2506 hac
334 2438 388 2506 die
403 2458 477 2505 cum
494 2438 580 2505 omni
597 2437 728 2505 silentio
752 2445 787 2505 et
807 2439 1051 2520 tranquillitate
1067 2445 1204 2523 oportet
1261 2435 1264 2444 '
1306 2467 1337 2498 ,-

54 2557 59 2567 '
112 2566 171 2615 uos
194 2566 339 2624 manere,
373 2554 504 2615 etcum
536 2547 685 2613 oratione
710 2554 745 2613 et
774 2546 957 2630 psalmodia
981 2555 1130 2615 sanctam
1154 2568 1205 2617 re·

112 2656 324 2723 surrectionis
340 2656 455 2722 horam
473 2662 677 2737 exspectare,
692 2674 735 2722 ne
750 2673 810 2721 nos
826 2655 932 2740 magis
948 2675 1028 2723 cura
1044 2657 1204 2725 secularis

110 2763 249 2831 infestet
280 2772 316 2831 et
345 2769 479 2831 terrena
510 2763 644 2846 negotia
674 2763 874 2846 inquietent,
909 2783 1006 2846 quam
1039 2765 1202 2847 spiritalia

112 2872 223 2940 studia
253 2880 302 2940 et·
318 2891 398 2938 cura
430 2869 572 2939 salutis⁵
600 2872 783 2938 animarum
813 2879 1003 2939 nostrarum
1027 2881 1198 2956 occupent.

112 2981 185 3048 Hac
208 2988 319 3047 autem
342 2979 395 3046 die
410 2980 590 3046 inclinante
611 2980 653 3045 ad
669 2999 843 3062 vesperam
868 2987 1000 3048 statuta
1023 2981 1201 3050 celebratio

111 3089 216 3157 nocue
240 3088 421 3155 dominicae
443 3088 477 3155 in
503 3088 640 3184 ecelesia
663 3087 835 3171 incipitur;
864 3097 898 3155 et
921 3090 1061 3172 primum
1088 3108 1200 3158 secuu-

112 3197 187 3265 dum
217 3184 460 3264 iustitutionem
493 3196 613 3263 Zosimi
649 3196 775 3279 papaeb
809 3197 1037 3265 archidiacono
1070 3216 1200 3267 cereum
1254 3195 1259 3206 '
1347 3194 1350 3201 ’

142 3425 149 3440 ·
201 3407 216 3436 ²
238 3394 305 3450 Isid.
324 3394 358 3448 de
370 3394 443 3449 offic.
458 3393 480 3461 Ι,
494 3394 537 3448 30.
569 3395 584 3434 l>
601 3392 727 3473 ctr3Lib.
743 3392 847 3449 Pontii.
862 3394 903 3448 ed.
915 3394 1061 3451 Ducheane
1072 3395 1095 3451 1.
1108 3411 1136 3465 p.
1147 3394 1201 3451 225

111 3491 140 3539 et
152 3484 218 3540 ordo
231 3485 373 3540 Romamn
387 3483 400 3538 l
419 3500 462 3552 ap.
477 3483 588 3551 Mutat,
602 3483 734 3554 Liturgia
747 3499 860 3539 romana
874 3490 929 3539 vet.
940 3484 977 3539 11.
993 3485 1064 3540 1004
1078 3495 1107 3542 et
1121 3486 1199 3542 1009.
1301 3499 1304 3507 ·

203 3648 212 3679 ¹
231 3648 344 3717 speciali
364 3662 395 3702 oe
408 3662 464 3702 exc.
485 3647 510 3701 h.
546 3644 556 3676 ¹
575 3647 614 3702 sic
627 3645 693 3700 leid.
709 3646 727 3700 l.
742 3661 774 3713 c.,
793 3645 917 3701 omnium
930 3646 1119 3703 molestiarum
1134 3630 1201 3704 pq„

111 3753 167 3793 exc.
188 3739 220 3802 h;
248 3738 424 3807 omniumque
444 3737 590 3792 molest..
612 3737 637 3791 h.
683 3736 737 3792 ⁸J.
759 3735 806 3791 Oh.
827 3753 871 3792 om
892 3752 999 3792 oeexc.
1020 3737 1047 3792 h.
1093 3737 1198 3807 ‘prae

113 3835 266 3884 monstrate
284 3828 351 3883 PP¹.
391 3828 552 3883 '’salutaris
572 3843 612 3884 ce.

1050 3917 1085 3972 9·
1176 3932 1180 3943 .
