2744 4456
543 220 791 286 —223-

127 419 236 486 doctus
250 418 352 483 videri
364 426 476 504 potest,
501 426 683 484 caecantem
700 419 825 504 sopiens
840 417 928 483 noello
943 415 1069 485 modo.“
1107 414 1213 483 Nam¹

127 525 296 606 hucusque
318 523 520 608 generaliter
542 529 645 605 atque
659 523 858 607 pennixtum
881 523 947 590 dixi
971 524 1012 593 de
1035 524 1213 609 disciplinis

126 632 306 716 gentilium,
332 632 485 716 deinceps
508 650 656 699 seorsum
679 633 721 699 de
745 631 881 716 singulis
904 632 1063 701 dicturus.

593 865 671 949 Cap.
699 870 749 935 18.

158 1027 220 1096 nm
244 1027 365 1095 asum
389 1027 693 1096 ommmnmos
717 1027 776 1094 ur
799 1026 1043 1095 sauciemus
1057 973 1180 1096 'mus
1243 1001 1247 1009 ’

219 1193 351 1277 „Primo
368 1210 445 1276 crgo
458 1192 636 1260 liberalium
652 1181 770 1260 ortium
785 1203 829 1260 eat
843 1195 1061 1279 prammoticm
1077 1194 1213 1260 secundo

126 1301 290 1385 rhetorica,
321 1305 414 1370 tertio
437 1303 610 1380 dialectica,
642 1309 757 1388 quomo
779 1303 985 1386 arithmetica,
1009 1305 1119 1388 quinto
1141 1311 1214 1388 peo-

125 1413 245 1488 metrio,
269 1418 357 1479 sexto
380 1413 509 1495 musico,
533 1414 666 1498 septimo
686 1408 937 1479 amomacum·
975 1411 1214 1494 „Grammatico

125 1520 206 1583 enim
229 1541 249 1584 o
273 1517 372 1586 literis
395 1541 505 1585 nomen
530 1522 657 1605 occepit,
681 1523 760 1585 sicut
782 1518 925 1586 vocabuli
948 1517 1034 1585 illino
1055 1520 1214 1585 derivans

124 1648 218 1693 sonus
242 1623 424 1694 commicbss
466 1624 623 1692 Definitio
647 1631 759 1692 autem
780 1625 850 1692 eius
867 1625 944 1691 talis
962 1630 1030 1691 est:
1054 1648 1212 1713 promom-

124 1737 188 1802 tica
211 1741 254 1802 eoi
283 1737 412 1801 orientia
442 1718 684 1816 interpretandi
714 1739 831 1816 poetas
855 1739 957 1816 atque
980 1732 1154 1799 historicos
1178 1741 1214 1800 et

125 1849 203 1910 recte
238 1841 400 1908 scribendi
433 1843 653 1929 loquendique.
701 1841 801 1908 Ratio
836 1843 936 1921 haec,
974 1846 1009 1908 et
1044 1847 1153 1930 „oripo
1185 1852 1214 1909 et

124 1951 364 2033 succlamatum
398 1961 441 2017 eat
474 1946 678 2020 litterarumr'
710 1950 918 2018 liberalium.“
972 1949 1069 2017 Hanc
1099 1949 1214 2032 itaque

125 2057 268 2124 scholam
292 2057 486 2125 dominicam
517 2058 629 2142 legere
661 2059 825 2133 convenit,
860 2058 937 2139 quia
960 2057 1099 2126 scientm
1121 2063 1213 2125 recte

123 2165 275 2248 loquendi
307 2172 342 2232 et
372 2164 535 2233 scribendi
565 2167 652 2233 ratio
681 2167 716 2233 in
739 2167 812 2250 ipsa
835 2167 995 2235 consistit.
1045 2165 1212 2250 Quomodo

125 2269 227 2357 ergo³
250 2273 322 2356 quis
345 2274 413 2342 vim
436 2274 527 2342 vocis
551 2274 750 2342 articulatae
773 2294 832 2342 seu
854 2275 1027 2343 literarum
1058 2282 1094 2342 et
1117 2274 1213 2359 sylla·

123 2382 239 2450 barum
270 2387 472 2465 potestatem
504 2383 680 2467 cognoscit,
713 2384 740 2450 si
771 2402 836 2451 non
869 2384 961 2467 prius
992 2401 1053 2468 per
1084 2401 1156 2450 eam
1178 2381 1212 2450 id

124 2490 237 2558 didicit
260 2496 321 2558 aut
343 2490 502 2574 quomodo
522 2492 655 2574 pedum,
689 2498 883 2560 accentuum
909 2498 945 2559 et
966 2488 1212 2575 positurarum‘

124 2598 353 2667 discretionem
378 2600 449 2678 scit,
476 2599 503 2666 si
527 2619 590 2666 non
615 2601 776 2683 perhanc
793 2601 996 2683 disciplinam
1021 2601 1090 2668 eius
1112 2601 1212 2668 scien·

124 2706 204 2774 tiam
228 2714 308 2775 ante
323 2708 495 2791 percepit?
519 2715 579 2775 ant
602 2710 762 2792 quomodo
785 2709 929 2794 partium
947 2709 1104 2776 orationis
1127 2708 1210 2788 iura,

125 2816 328 2883 schematum
352 2816 512 2893 decorem,
544 2823 713 2900 troporum
736 2818 908 2895 virtutem,
941 2817 1211 2902 etymologiarum

124 2923 284 2990 rationem
320 2930 355 2992 et
389 2925 621 3009 ortographiae
659 2926 890 2993 rectitndirmm
929 2925 1042 3004 novit,
1085 2925 1113 2992 si
1147 2943 1211 2992 non

123 3033 370 3114 grammaticam
395 3039 501 3100 artem
521 3039 601 3100 ante
617 3033 678 3100 sibi
695 3040 807 3101 notam
823 3033 927 3102 fecit?
964 3032 1233 3118 Incnlpabiliter

125 3139 219 3218 enim,
253 3140 350 3207 immo
372 3141 584 3209 laudabiliter
613 3143 699 3209 hanc
729 3151 836 3210 artem
866 3143 972 3222 discit
1007 3141 1154 3225 quisquis
1176 3141 1210 3208 in

125 3266 163 3314 ea
179 3267 244 3315 non
259 3249 389 3316 inanem
405 3269 548 3335 pugnam
564 3251 740 3318 verborum
756 3250 867 3319 facere
883 3251 999 3335 lingue
1025 3251 1083 3318 sod
1098 3256 1212 3318 rectae

123 3356 295 3424 locutionis
320 3358 487 3426 scientiam
515 3367 548 3425 et
573 3359 735 3426 scribendi
759 3359 912 3442 peritiam
925 3360 1049 3427 habere
1072 3357 1209 3443 appetit.
1248 3385 1254 3397 ·

127 3493 339 3504 σ--ι-η-

214 3566 228 3595 ·
250 3554 314 3610 Isin,
331 3554 424 3623 Etym.
439 3554 461 3623 1,
475 3555 499 3611 2.
538 3557 554 3598 b
574 3556 728 3624 Cassiodor,
748 3555 781 3610 de
794 3554 875 3611 artib.
890 3561 919 3612 et
932 3554 1040 3625 discipl.
1055 3561 1106 3610 eto.
1127 3570 1168 3624 cp.
1184 3555 1208 3608 1.

216 3700 287 3754 ¹om
308 3717 346 3755 oe.
387 3700 518 3758 'udum
539 3717 571 3757 oe
589 3717 645 3757 asc.
667 3703 712 3772 ph.
745 3700 840 3771 ⁸crgo
861 3717 905 3756 om
925 3716 963 3756 oe.
995 3699 1209 3770 ‘positivnrum

125 3805 156 3846 oe
174 3806 230 3846 exc.
251 3807 285 3847 m.
