2744 4456
597 233 827 301 -cs-
904 269 930 335 .-·

166 417 336 503 lavacrum
359 438 587 518 regeneratur.
620 430 677 499 'At
695 410 872 516 postquam
887 447 925 498 se
939 448 999 514 per
1022 428 1262 498 confessionem

166 559 269 610 verae
291 540 369 609 fidei
390 540 426 608 iu
449 540 588 609 alterius
611 539 897 631 commendaverit
910 531 1103 620 dominium,
1137 543 1173 607 et
1200 557 1263 623 per

167 649 489 718 abrenuntiationem
508 647 549 717 a¹
570 648 689 734 prioris
705 647 906 733 possessoris
921 646 1173 716 sealienavcrit
1195 665 1261 715 scr-

148 749 152 757 ’
168 757 261 834 vitio,
287 755 485 826 exsufflatur
501 759 544 826 ab
560 776 599 826 eo
615 776 721 826 saeva
734 741 896 841 potestas,
920 749 1036 840 ut'per
1050 755 1139 840 pium
1155 775 1263 825 sacer·

51 853 54 858 ’
168 866 256 934 dotis
286 866 505 936 ministerium
535 865 669 950 spiritui
701 871 817 934 sancto
849 864 948 935 cedat
970 863 1100 950 fugiens
1123 864 1261 949 spiritus

168 974 347 1064 malignus;
374 974 591 1060 signaturque
606 974 678 1058 ipse
694 974 791 1041 homo
807 973 976 1060 signcculo
995 978 1132 1042 sanctae
1155 973 1262 1042 ornus

143 1170 146 1176 ι
168 1088 239 1151 tam
261 1083 296 1150 in
319 1081 430 1150 fronte
453 1101 552 1166 quom
573 1082 610 1150 in
633 1081 741 1159 corde,
766 1087 806 1150 nt
827 1082 901 1165 ipse
921 1087 1078 1166 apostate
1100 1081 1261 1160 diabolus,

167 1192 306 1261 invase
329 1211 389 1259 suo
412 1190 551 1275 pristino
575 1209 657 1259 suae
677 1190 952 1275 interemptiones
977 1208 1176 1276 cognoscens
1200 1190 1263 1276 sig·

103 1310 112 1317 ‘'
168 1320 256 1378 num,
280 1300 347 1368 iam
370 1299 433 1367 sibi
456 1298 610 1382 deinceps
634 1299 720 1367 sciat
741 1298 824 1367 illud
853 1317 927 1369 esse
951 1298 1106 1367 'etenum
1154 1294 1262 1366 Exin²

168 1409 235 1477 iam
259 1408 414 1477 dicuntur
437 1426 539 1491 snper
561 1407 842 1491 eum-orationes,
872 1412 911 1476 ut
933 1406 995 1476 fiat
1017 1412 1261 1476 catecumenns.

49 1524 53 1532 '
169 1517 262 1586 Tunc
285 1516 386 1584 datur
406 1516 436 1584 ei
459 1516 510 1584 sal
532 1515 744 1585 benedictum
765 1515 800 1582 in
824 1535 872 1593 os,
896 1521 936 1584 nt
958 1535 1018 1600 per
1041 1515 1092 1583 sol
1115 1515 1263 1601 typicum
1331 1512 1333 1516 ’

88 1657 91 1663 ·
170 1624 355 1709 sapientiae
378 1623 448 1692 sale
464 1624 627 1702 conditus,
651 1623 779 1692 foetore
795 1630 911 1713 careat
925 1623 1122 1708 iniqnitatis
1148 1630 1183 1693 et
1202 1626 1264 1692 ne'c

57 1810 63 1821 ,
169 1732 374 1822 avermibus
389 1739 600 1817 peccatorum
613 1732 706 1800 ultra
721 1731 890 1816 putrefiat
915 1732 975 1801 sed
996 1731 1102 1818 magis
1116 1732 1263 1830 inlaesus
1341 1790 1345 1798 .

170 1840 379 1934 serveturad
393 1834 706 1926 maioremgratiam
718 1840 971 1925 percipiendam.
1001 1839 1131 1909 Dehinc
1140 1840 1264 1909 iterum
1340 1870 1349 1910 r

40 1967 59 2029 χ
172 1949 380 2017 exorcizatur
402 1949 568 2026 diabolus·
594 1954 635 2018 ut
663 1968 758 2043 suam
780 1949 981 2032 necquitiam
1003 1968 1196 2034 agnoscens,
1229 1955 1265 2017 et

68 2121 72 2129 ,
168 2056 294 2125 iustum
318 2076 417 2142 super
440 2055 497 2126 se³
521 2045 676 2149 indicium
692 2057 746 2126 dei
766 2059 887 2127 timens
902 2057 1039 2126 recedat
1062 2058 1106 2126 ab
1121 2051 1262 2136 homine,

46 2252 49 2257 ,
127 2239 139 2256 ‚
170 2184 232 2232 nec
253 2164 320 2232 iam
336 2166 523 2252 contendat
547 2185 622 2234 enm
645 2171 720 2234 arte
744 2185 805 2234 sna
829 2167 1037 2243 subvertere,
1068 2185 1111 2234 ne
1140 2167 1265 2269 baptis

170 2292 260 2340 mum
283 2280 514 2358 consequatur,
548 2275 607 2344 sed
630 2275 736 2361 magis
761 2276 917 2374 honorem
941 2274 1011 2378 deo,
1037 2275 1181 2343 creatori
1203 2293 1263 2344 suo

172 2381 330 2450 exhibens
359 2383 478 2468 reddet
502 2402 584 2468 opus
607 2382 727 2478 factori
751 2402 820 2451 suo.
869 2383 993 2451 Postea
1017 2389 1203 2468 tanguntur
1234 2384 1265 2452 ei

35 2519 37 2523 ⁴
171 2509 270 2558 nares
303 2497 337 2558 et
368 2511 466 2573 aures
498 2511 572 2560 cum
605 2491 711 2562 saliva
744 2498 779 2560 et
809 2491 930 2560 dicitnr
961 2491 991 2559 ei
1021 2491 1102 2559 iilud
1124 2494 1264 2561 verbum

37 2669 40 2674 ,
70 2673 73 2679 ,
173 2599 409 2683 evangelicum,
434 2601 521 2683 quod
536 2601 561 2668 J
563 2619 640 2669 esus
663 2600 793 2683 quando
818 2600 954 2668 surdum
978 2607 1014 2668 et
1029 2605 1157 2669 mutum
1171 2620 1265 2669 sana·
1311 2670 1313 2674 ,

171 2705 232 2784 vit,
264 2713 405 2793 tangens
434 2727 508 2776 cum
529 2715 631 2793 sputo
654 2709 801 2794 linguam
830 2709 900 2776 eius
925 2716 960 2777 et
982 2708 1120 2777 mittens
1143 2709 1265 2796 (iigitos

172 2834 249 2882 suos
281 2814 316 2883 in
346 2814 532 2885 ιιιιίοιιΙιιε4
564 2817 633 2886 eius
665 2817 786 2885 diunt&-
818 2820 975 2906 „Epion
1006 2821 1091 2906 prend
1120 2829 1175 2902 ast,
1207 2822 1264 2887 ad·

172 2920 345 3012 sperarem.
400 2925 473 2992 Hoc
506 2926 591 2992 enim
621 2930 867 2993 sacramentum
898 2925 951 2993 hic
983 2927 1105 3011 agitur,
1136 2932 1176 2994 nt
1205 2947 1266 3011 per

152 3031 312 3117 ,saiivam
335 3033 480 3116 typicam
496 3033 678 3102 sacerdotis
704 3041 738 3102 et
759 3038 887 3101 tactum
910 3033 1074 3118 sapientia
1099 3041 1134 3102 et
1156 3035 1265 3103 virtus

111 3148 113 3152 ’
173 3139 285 3208 divina
301 3141 443 3209 salutem
467 3141 614 3210 eiusdem
638 3141 842 3232 catecumeni
865 3147 1032 3227 operetur,
1056 3148 1096 3210 ut
1118 3143 1265 3227 aperian-

92 3283 102 3294 ·
173 3254 231 3316 tur
261 3248 422 3326 einares,
454 3247 518 3317 ad6
542 3250 766 3334 accipiendum
799 3250 944 3347 odor-em,
961 3250 1101 3318 notitiae
1131 3250 1193 3331 dei,
1226 3257 1266 3318 ut

52 3405 57 3412 .
173 3356 367 3440 aperiantur
380 3357 429 3425 illi
445 3362 481 3426 et
496 3377 594 3426 aures
619 3358 662 3425 ad
678 3358 878 3426 audiendum
894 3359 1052 3428 mandata
1066 3358 1128 3434 dei,
1153 3376 1265 3426 sensu·

231 3620 236 3626 ,
265 3584 279 3615 ·
300 3573 383 3628 Marc.
402 3573 466 3642 VII,
485 3573 529 3629 34.

267 3685 347 3772 ιιιιιι.
367 3716 428 3774 DV.
474 3717 602 3774 'exinde
622 3734 661 3774 oe.
708 3717 820 3788 ³super
839 3733 868 3772 se
888 3734 931 3773 om
951 3717 984 3771 D.
1023 3716 1208 3774 ‘auriculam
1227 3696 1261 3775 D.

175 3805 186 3837 ⁵
205 3806 312 3876 aperire
330 3807 363 3862 V.
403 3806 415 3838 ⁰
433 3825 478 3863 om
496 3808 529 3863 V.
