2744 4456
599 257 848 323 -153-

177 450 332 533 principio
350 450 472 521 mensis
487 452 549 518 hac
564 449 740 531 iaciebant
758 451 836 534 quia
852 451 1025 521 deficiente
1039 453 1119 521 luna
1135 461 1269 537 tempus

177 558 291 628 finitur
315 567 351 627 et
372 560 493 627 iterum
516 567 675 628 nascente
692 560 857 644 incipitur.
894 563 973 629 Dies
987 569 1101 630 autem
1119 564 1267 632 taboram

176 674 299 755 septimi
313 675 427 737 canals
442 668 636 752 principium
653 675 714 748 est,
740 669 869 752 quando
885 668 909 736 J
910 669 1008 737 udaei
1024 669 1269 738 solemnitatem

177 782 315 860 agentes
339 777 479 860 amplius
503 777 586 844 tuba
601 779 774 858 canebant,
792 783 836 845 ·et
851 778 948 862 plura
971 778 1156 847 offerebant
1176 779 1212 848 in
1229 799 1268 848 eo
1351 788 1357 799 '

178 884 346 964 sacrificia,
372 903 470 967 quam
492 904 553 969 per
576 885 722 971 singulos
745 905 885 954 menses.
916 876 976 954 ‘In
992 876 1061 954 l'mc
1083 905 1206 968 mense,
1229 887 1266 956 id

178 1002 231 1059 est
261 991 408 1077 decimo1
438 993 491 1062 die
521 993 643 1074 mensis
667 994 772 1062 whuius
805 994 875 1062 dies
898 994 1168 1079 propitiationum
1193 994 1265 1065 sive
1316 1063 1321 1078 ,

178 1101 399 1185 expiationum
425 1107 507 1183 erat,
532 1103 662 1186 quando
678 1101 827 1187 pontifex
849 1106 941 1172 renel
965 1109 999 1172 ia
1012 1126 1098 1175 anna
1112 1107 1265 1174 introibat
1367 1184 1370 1187 ,

178 1217 211 1277 ia
238 1223 349 1279 sanae
380 1217 590 1287 sanctorum·
621 1215 656 1278 et
687 1209 842 1295 expiabat
875 1211 1065 1295 aspersione
1098 1211 1269 1297 sanguinis

178 1325 294 1386 saneta
317 1326 354 1386 et
377 1321 493 1387 sancta
508 1315 728 1401 sanctorum²,
754 1328 790 1388 et
804 1320 923 1405 populo
947 1320 1029 1388 foris
1052 1327 1171 1406 orante
1193 1320 1267 1406 ipse

179 1427 267 1496 solus
289 1427 381 1495 intus
404 1429 524 1495 orabat
547 1435 616 1496 tam
644 1453 705 1517 pre
728 1453 788 1502 aaa
812 1448 910 1513 quam
934 1426 1016 1513 pr0³
1040 1432 1156 1519 popuii
1179 1435 1266 1517 ipae·

177 1543 285 1606 raalio
300 1539 433 1623 offerens
456 1537 625 1605 incensum
642 1537 769 1606 domino
787 1538 1010 1622 superaltare
1027 1537 1268 1632 thymiamatis.
1336 1587 1340 1595 -

178 1644 217 1711 ln
241 1664 304 1727 quo
328 1663 441 1713 mense
466 1651 501 1713 et
524 1645 594 1713 dies
618 1652 715 1713 eraut
737 1646 941 1715 celeberrimi
957 1645 1209 1731 scenopegiaeb,
1232 1644 1268 1714 id
1295 1715 1297 1723 ,
1356 1733 1361 1740 .

179 1759 232 1820 est
263 1754 559 1844 tabernaculorum,
594 1754 724 1837 quanda
754 1773 774 1822 a
798 1754 1038 1838 quintodecimo
1069 1754 1122 1823 die
1145 1753 1270 1847 mensis

156 1861 276 1929 liuius
300 1887 362 1952 per
389 1874 501 1952 septem
527 1867 593 1932 dies
623 1868 657 1931 in
679 1865 872 1933 usabraaalia
895 1865 1090 1948 babitabant,
1113 1871 1267 1934 eumeces

177 1973 238 2038 sibi
259 1974 403 2057 spatulas
422 1973 607 2060 palmarum
629 1983 658 2040 et
681 1995 788 2043 rainae
810 1974 891 2058 lipari
906 1975 1074 2048 densarum
1098 1975 1267 2059 frondium

178 2090 206 2146 et
229 2080 338 2172 salices
362 2082 400 2148 cle
422 2089 559 2150 torrente
581 2092 609 2148 et
632 2082 832 2151 laetabantur
855 2104 963 2149 earam
979 2084 1106 2149 domine
1131 2082 1187 2148 deo
1210 2094 1267 2148 aaa
1331 2119 1339 2129 ·

178 2187 211 2253 in
235 2186 599 2255 commemorationem⁴
622 2188 731 2256 exitus
753 2189 882 2257 illorum
906 2189 948 2257 de
968 2190 1134 2274 Aegypto,
1159 2183 1269 2272 quotib

42 2354 45 2359 .
178 2295 327 2363 dominus
345 2315 400 2364 eos
415 2296 449 2363 in
463 2296 685 2365 tabernaculis
696 2296 851 2365 habitare
865 2296 993 2375 fecerit,
1010 2316 1084 2365 eum
1095 2293 1274 2366 adurent*

178 2428 229 2472 eoa
252 2408 290 2472 de
313 2416 400 2472 terra
416 2410 561 2495 Aepypti.
597 2405 677 2474 Dies
697 2402 832 2473 autem'
853 2405 966 2474 ieiunii
989 2404 1085 2490 primi
1097 2401 1119 2484 ⁸,
1144 2405 1267 2489 quart,

179 2512 310 2595 septimi
334 2521 370 2581 et
388 2513 505 2583 decimi
527 2513 649 2582 mensis
673 2515 788 2582 abeas
804 2533 922 2583 causas
939 2514 1085 2582 celebres
1108 2512 1196 2598 apud
1212 2531 1269 2582 eos

178 2619 324 2700 fuerunt,
349 2623 390 2689 ob
414 2641 497 2706 qaas
518 2618 619 2706 supra
635 2624 970 2701 commemoravimus,
995 2643 1067 2691 aum
1084 2623 1126 2690 de
1147 2621 1269 2691 ieiunio

179 2729 450 2820 disputabamus

154 2868 156 2872 ⁴
270 2839 365 2907 Festi
381 2847 494 2908 autem
511 2839 581 2908 dies
602 2839 680 2909 inde
694 2847 866 2921 vomatur,
891 2843 1089 2927 quaciaria
1106 2842 1268 2927 eiefatar,
1294 2896 1298 2902 .

180 2951 214 3015 id
237 2960 281 3016 eet
305 2951 448 3030 diescere
473 2947 606 3024 nefasti,
635 2948 754 3031 quibus
784 2968 849 3016 non
873 2948 1015 3032 (licitur.⁸
1052 2945 1210 3016 Similiter
1233 2953 1270 3017 et
1364 3035 1367 3039 .

179 3060 280 3140 seriae
302 3082 323 3125 a
346 3061 467 3141 sarreiac
482 3058 652 3138 dicuntum
679 3060 719 3126 ob
734 3078 833 3142 quam
849 3077 983 3126 eausam
999 3055 1161 3127 Silv‘ester
1182 3076 1270 3142 papa
1288 3141 1294 3151 ¹

179 3165 304 3249 primus
324 3167 412 3249 apud
426 3166 592 3235 Romanos
608 3167 791 3243 constitnit,
817 3174 857 3234 ut
875 3166 1001 3235 dierum
1016 3166 1157 3246 nomina,
1183 3184 1270 3251 quae

175 3307 178 3316 ’
271 3327 461 3397 metam,
482 3329 524 3383 m.
567 3327 858 3397 emanator.
888 3326 1110 3416 meierum,
1136 3326 1293 3384 eoam·

180 3432 192 3460 t
216 3419 292 3488 laici,
311 3419 458 3475 Differam.
479 3420 522 3475 lit.
536 3420 565 3474 F.
594 3419 679 3488 Bada,
699 3419 732 3474 de
751 3420 879 3476 division
900 3425 986 3489 temp.
1006 3435 1027 3474 a.
1042 3434 1068 3473 v.
1088 3418 1168 3487 teria,
1187 3422 1217 3474 at
1234 3417 1271 3474 tle

179 3511 280 3565 ration.
300 3518 385 3580 temp.
405 3525 464 3580 cap.
478 3509 502 3565 6.
523 3510 541 3565 l.
561 3526 582 3564 e.
604 3515 624 3565 t.
639 3511 659 3566 1.
680 3526 706 3580 p.
720 3509 770 3573 93;
791 3515 811 3564 t.
825 3509 862 3564 11.
882 3525 908 3580 p.
926 3508 970 3564 55.

137 3726 141 3731 ³
273 3655 407 3711 ¹dacima
420 3653 513 3711 uPP1.
548 3629 755 3726 'etexpiabat
773 3684 806 3695 -
827 3660 988 3710 sanctarum
1008 3638 1053 3709 om
1068 3668 1106 3708 oe.
1141 3652 1215 3709 'om
1228 3667 1268 3708 oe.

180 3746 191 3775 ⁴
205 3746 464 3802 commemoratione
475 3746 537 3802 hP¹.
564 3744 575 3776 ⁵
592 3746 657 3815 quia
670 3746 696 3801 h.
724 3744 876 3802 ‘educaret
888 3745 915 3800 h.
943 3743 953 3774 ²
967 3760 1011 3800 om
1026 3760 1065 3800 oe.
1091 3742 1159 3800 'om
1172 3741 1270 3812 lss'P‘,

181 3843 292 3892 econtm
310 3836 423 3893 exhibet
441 3836 485 3892 M:
506 3837 607 3906 quatu,
627 3836 728 3906 quma,
747 3841 820 3905 sapt.
853 3858 857 3866 ·
