<?xml version="1.0" encoding="UTF-8"?>
<!DOCTYPE html PUBLIC "-//W3C//DTD XHTML 1.0 Transitional//EN"
    "http://www.w3.org/TR/xhtml1/DTD/xhtml1-transitional.dtd">
<html xmlns="http://www.w3.org/1999/xhtml" xml:lang="en" lang="en">
 <head>
  <title>
</title>
<meta http-equiv="Content-Type" content="text/html;charset=utf-8" />
  <meta name='ocr-system' content='tesseract 3.04.00' />
  <meta name='ocr-capabilities' content='ocr_page ocr_carea ocr_par ocr_line ocrx_word'/>
</head>
<body>
  <div class='ocr_page' id='page_1' title='image "./deinstitutionec00maurgoog_0188.png"; bbox 0 0 2744 4456; ppageno 0'>
   <div class='ocr_carea' id='block_1_1' title="bbox 479 246 913 340">
    <p class='ocr_par' dir='ltr' id='par_1_1' title="bbox 479 246 913 340">
     <span class='ocr_line' id='line_1_1' title="bbox 479 246 913 340; baseline 0.002 -11"><span class='ocrx_word' id='word_1_1' title='bbox 479 246 814 330; x_wconf 71' lang='lat'>7-149-</span> <span class='ocrx_word' id='word_1_2' title='bbox 909 335 913 340; x_wconf 12' lang='grc' dir='ltr'><strong>Α</strong></span> 
     </span>
    </p>
   </div>
   <div class='ocr_carea' id='block_1_2' title="bbox 64 439 1317 1307">
    <p class='ocr_par' dir='ltr' id='par_1_2' title="bbox 64 439 1236 652">
     <span class='ocr_line' id='line_1_2' title="bbox 146 439 1235 553; baseline 0.003 -28"><span class='ocrx_word' id='word_1_3' title='bbox 146 439 358 543; x_wconf 86' lang='lat' dir='ltr'>intempore</span> <span class='ocrx_word' id='word_1_4' title='bbox 388 459 607 528; x_wconf 82' lang='lat' dir='ltr'>dedicationis</span> <span class='ocrx_word' id='word_1_5' title='bbox 632 459 845 553; x_wconf 84' lang='lat' dir='ltr'>multitudine</span> <span class='ocrx_word' id='word_1_6' title='bbox 876 459 1020 542; x_wconf 88' lang='lat' dir='ltr'>undique</span> <span class='ocrx_word' id='word_1_7' title='bbox 1052 466 1235 530; x_wconf 79' lang='lat' dir='ltr'>convocata</span> 
     </span>
     <span class='ocr_line' id='line_1_3' title="bbox 64 567 1236 652; baseline 0.003 -19"><span class='ocrx_word' id='word_1_8' title='bbox 64 596 68 604; x_wconf 91' lang='lat'>·</span> <span class='ocrx_word' id='word_1_9' title='bbox 147 567 307 635; x_wconf 84' lang='lat' dir='ltr'>feretrum</span> <span class='ocrx_word' id='word_1_10' title='bbox 331 588 404 636; x_wconf 90' lang='lat' dir='ltr'>oum</span> <span class='ocrx_word' id='word_1_11' title='bbox 427 568 573 651; x_wconf 88' lang='lat' dir='ltr'>reliquiis</span> <span class='ocrx_word' id='word_1_12' title='bbox 598 575 787 636; x_wconf 88' lang='lat' dir='ltr'>sanctorum</span> <span class='ocrx_word' id='word_1_13' title='bbox 807 587 871 652; x_wconf 84' lang='lat' dir='ltr'>per</span> <span class='ocrx_word' id='word_1_14' title='bbox 887 569 1078 637; x_wconf 74' lang='lat' dir='ltr'>sacerdotes</span> <span class='ocrx_word' id='word_1_15' title='bbox 1101 570 1143 638; x_wconf 88' lang='lat' dir='ltr'>da</span> <span class='ocrx_word' id='word_1_16' title='bbox 1165 577 1236 639; x_wconf 89' lang='lat' dir='ltr'>ten·</span> 
     </span>
    </p>

    <p class='ocr_par' dir='ltr' id='par_1_3' title="bbox 109 660 1317 1307">
     <span class='ocr_line' id='line_1_4' title="bbox 109 660 1282 762; baseline 0.003 -19"><span class='ocrx_word' id='word_1_17' title='bbox 109 660 113 668; x_wconf 64' lang='grc'>’</span> <span class='ocrx_word' id='word_1_18' title='bbox 148 677 231 744; x_wconf 89' lang='lat' dir='ltr'>torio</span> <span class='ocrx_word' id='word_1_19' title='bbox 248 677 290 744; x_wconf 88' lang='lat' dir='ltr'>ed</span> <span class='ocrx_word' id='word_1_20' title='bbox 306 677 463 760; x_wconf 86' lang='lat' dir='ltr'>templum</span> <span class='ocrx_word' id='word_1_21' title='bbox 483 675 642 756; x_wconf 78' lang='lat' dir='ltr'>defertur,</span> <span class='ocrx_word' id='word_1_22' title='bbox 669 677 746 760; x_wconf 84' lang='lat' dir='ltr'>quid</span> <span class='ocrx_word' id='word_1_23' title='bbox 762 676 851 744; x_wconf 87' lang='lat' dir='ltr'>aliud</span> <span class='ocrx_word' id='word_1_24' title='bbox 866 675 1008 757; x_wconf 76' lang='lat' dir='ltr'><strong>intimat,</strong></span> <span class='ocrx_word' id='word_1_25' title='bbox 1035 697 1133 760; x_wconf 87' lang='lat' dir='ltr'>quam</span> <span class='ocrx_word' id='word_1_26' title='bbox 1149 677 1236 762; x_wconf 90' lang='lat' dir='ltr'>quod</span> <span class='ocrx_word' id='word_1_27' title='bbox 1276 720 1282 729; x_wconf 82' lang='lat'><em>·</em></span> 
     </span>
     <span class='ocr_line' id='line_1_5' title="bbox 146 784 1237 868; baseline 0.004 -17"><span class='ocrx_word' id='word_1_28' title='bbox 146 785 230 851; x_wconf 85' lang='lat' dir='ltr'>liber</span> <span class='ocrx_word' id='word_1_29' title='bbox 259 785 531 868; x_wconf 82' lang='lat' dir='ltr'><strong>Paralipomenon</strong></span> <span class='ocrx_word' id='word_1_30' title='bbox 560 791 705 865; x_wconf 59' lang='lat' dir='ltr'>narrat,</span> <span class='ocrx_word' id='word_1_31' title='bbox 740 784 827 867; x_wconf 87' lang='lat' dir='ltr'>quod</span> <span class='ocrx_word' id='word_1_32' title='bbox 859 797 1016 864; x_wconf 64' lang='lat' dir='ltr'>‚veneunt</span> <span class='ocrx_word' id='word_1_33' title='bbox 1047 809 1151 854; x_wconf 73' lang='lat' dir='ltr'>manaa</span> <span class='ocrx_word' id='word_1_34' title='bbox 1174 790 1237 854; x_wconf 75' lang='lat' dir='ltr'>oiri</span> 
     </span>
     <span class='ocr_line' id='line_1_6' title="bbox 147 892 1270 982; baseline -0.003 -21"><span class='ocrx_word' id='word_1_35' title='bbox 147 896 248 962; x_wconf 82' lang='lat' dir='ltr'>lsrael</span> <span class='ocrx_word' id='word_1_36' title='bbox 272 897 316 962; x_wconf 81' lang='lat' dir='ltr'>od</span> <span class='ocrx_word' id='word_1_37' title='bbox 331 912 441 978; x_wconf 85' lang='lat' dir='ltr'>regem</span> <span class='ocrx_word' id='word_1_38' title='bbox 459 892 664 961; x_wconf 78' lang='lat' dir='ltr'>Salomonem</span> <span class='ocrx_word' id='word_1_39' title='bbox 677 901 722 961; x_wconf 65' lang='lat' dir='ltr'>in</span> <span class='ocrx_word' id='word_1_40' title='bbox 740 895 793 961; x_wconf 70' lang='lat' dir='ltr'>die</span> <span class='ocrx_word' id='word_1_41' title='bbox 804 893 950 961; x_wconf 74' lang='lat' dir='ltr'>solemni‘</span> <span class='ocrx_word' id='word_1_42' title='bbox 975 903 1014 978; x_wconf 80' lang='lat' dir='ltr'>,et</span> <span class='ocrx_word' id='word_1_43' title='bbox 1027 904 1237 982; x_wconf 74' lang='lat' dir='ltr'>portavenmt</span> <span class='ocrx_word' id='word_1_44' title='bbox 1266 949 1270 957; x_wconf 93' lang='lat'><em>.</em></span> 
     </span>
     <span class='ocr_line' id='line_1_7' title="bbox 147 999 1237 1090; baseline 0.002 -21"><span class='ocrx_word' id='word_1_45' title='bbox 147 1003 256 1075; x_wconf 74' lang='lat' dir='ltr'>levitae</span> <span class='ocrx_word' id='word_1_46' title='bbox 286 1023 396 1071; x_wconf 84' lang='lat' dir='ltr'>aream</span> <span class='ocrx_word' id='word_1_47' title='bbox 425 1005 564 1089; x_wconf 80' lang='lat' dir='ltr'>foederis</span> <span class='ocrx_word' id='word_1_48' title='bbox 595 1005 716 1069; x_wconf 84' lang='lat' dir='ltr'>domini</span> <span class='ocrx_word' id='word_1_49' title='bbox 745 1025 814 1069; x_wconf 87' lang='lat' dir='ltr'>eum</span> <span class='ocrx_word' id='word_1_50' title='bbox 847 1005 933 1069; x_wconf 72' lang='lat' dir='ltr'>orani</span> <span class='ocrx_word' id='word_1_51' title='bbox 961 999 1099 1090; x_wconf 46' lang='grc' dir='ltr'>ματαίω</span> <span class='ocrx_word' id='word_1_52' title='bbox 1130 1003 1237 1072; x_wconf 77' lang='lat' dir='ltr'>taber·</span> 
     </span>
     <span class='ocr_line' id='line_1_8' title="bbox 147 1111 1317 1195; baseline 0.003 -18"><span class='ocrx_word' id='word_1_53' title='bbox 147 1111 267 1179; x_wconf 71' lang='lat' dir='ltr'>rzuouli‘</span> <span class='ocrx_word' id='word_1_54' title='bbox 292 1122 331 1195; x_wconf 78' lang='lat' dir='ltr'>,et</span> <span class='ocrx_word' id='word_1_55' title='bbox 354 1114 526 1182; x_wconf 79' lang='lat' dir='ltr'>intulerunt</span> <span class='ocrx_word' id='word_1_56' title='bbox 549 1133 619 1180; x_wconf 84' lang='lat' dir='ltr'>eam</span> <span class='ocrx_word' id='word_1_57' title='bbox 633 1113 809 1180; x_wconf 77' lang='lat' dir='ltr'><strong><em>sacerdotes</em></strong></span> <span class='ocrx_word' id='word_1_58' title='bbox 833 1111 987 1179; x_wconf 83' lang='lat' dir='ltr'>inlocum</span> <span class='ocrx_word' id='word_1_59' title='bbox 1009 1135 1110 1194; x_wconf 81' lang='lat' dir='ltr'>auum,</span> <span class='ocrx_word' id='word_1_60' title='bbox 1135 1114 1237 1180; x_wconf 75' lang='lat' dir='ltr'>idest</span> <span class='ocrx_word' id='word_1_61' title='bbox 1314 1183 1317 1190; x_wconf 64' lang='grc'>,</span> 
     </span>
     <span class='ocr_line' id='line_1_9' title="bbox 147 1216 1236 1307; baseline 0.001 -21"><span class='ocrx_word' id='word_1_62' title='bbox 147 1222 206 1300; x_wconf 86' lang='lat' dir='ltr'>(ad</span> <span class='ocrx_word' id='word_1_63' title='bbox 222 1219 331 1303; x_wconf 72' lang='lat' dir='ltr'>Vuiq.)</span> <span class='ocrx_word' id='word_1_64' title='bbox 349 1220 511 1287; x_wconf 81' lang='lat' dir='ltr'>oraculum</span> <span class='ocrx_word' id='word_1_65' title='bbox 523 1220 633 1307; x_wconf 75' lang='lat' dir='ltr'>templi</span> <span class='ocrx_word' id='word_1_66' title='bbox 646 1224 680 1286; x_wconf 81' lang='lat' dir='ltr'>in</span> <span class='ocrx_word' id='word_1_67' title='bbox 691 1229 807 1287; x_wconf 68' lang='lat' dir='ltr'>aenda</span> <span class='ocrx_word' id='word_1_68' title='bbox 823 1217 1023 1287; x_wconf 77' lang='lat' dir='ltr'>sanatorum‘.</span> <span class='ocrx_word' id='word_1_69' title='bbox 1048 1216 1144 1304; x_wconf 81' lang='lat' dir='ltr'>Quod</span> <span class='ocrx_word' id='word_1_70' title='bbox 1155 1237 1236 1288; x_wconf 79' lang='lat' dir='ltr'>varo</span> 
     </span>
    </p>
   </div>
   <div class='ocr_carea' id='block_1_3' title="bbox 146 1313 1362 1410">
    <p class='ocr_par' dir='ltr' id='par_1_4' title="bbox 146 1313 1362 1410">
     <span class='ocr_line' id='line_1_10' title="bbox 146 1313 1362 1410; baseline 0.003 -18"><span class='ocrx_word' id='word_1_71' title='bbox 146 1325 294 1408; x_wconf 78' lang='lat' dir='ltr'>pontifex</span> <span class='ocrx_word' id='word_1_72' title='bbox 318 1326 413 1394; x_wconf 89' lang='lat' dir='ltr'>simul</span> <span class='ocrx_word' id='word_1_73' title='bbox 438 1346 511 1393; x_wconf 87' lang='lat' dir='ltr'>eum</span> <span class='ocrx_word' id='word_1_74' title='bbox 534 1325 762 1395; x_wconf 76' lang='lat' dir='ltr'>sacerdotibus</span> <span class='ocrx_word' id='word_1_75' title='bbox 778 1325 940 1395; x_wconf 82' lang='lat' dir='ltr'>feretrum</span> <span class='ocrx_word' id='word_1_76' title='bbox 964 1327 1237 1410; x_wconf 74' lang='lat' dir='ltr'>portantibuset</span> <span class='ocrx_word' id='word_1_77' title='bbox 1357 1313 1362 1320; x_wconf 47' lang='lat'><strong>⁴</strong></span> 
     </span>
    </p>
   </div>
   <div class='ocr_carea' id='block_1_4' title="bbox 145 1434 1320 2818">
    <p class='ocr_par' dir='ltr' id='par_1_5' title="bbox 145 1434 1320 2818">
     <span class='ocr_line' id='line_1_11' title="bbox 147 1434 1234 1532; baseline 0.003 -32"><span class='ocrx_word' id='word_1_78' title='bbox 147 1434 234 1500; x_wconf 90' lang='lat' dir='ltr'>omni</span> <span class='ocrx_word' id='word_1_79' title='bbox 256 1434 343 1512; x_wconf 78' lang='lat' dir='ltr'>dero</span> <span class='ocrx_word' id='word_1_80' title='bbox 367 1454 406 1502; x_wconf 87' lang='lat' dir='ltr'>ae</span> <span class='ocrx_word' id='word_1_81' title='bbox 429 1442 540 1502; x_wconf 84' lang='lat' dir='ltr'>cetero</span> <span class='ocrx_word' id='word_1_82' title='bbox 563 1435 682 1518; x_wconf 81' lang='lat' dir='ltr'>populo</span> <span class='ocrx_word' id='word_1_83' title='bbox 704 1435 836 1532; x_wconf 78' lang='lat' dir='ltr'>laudem</span> <span class='ocrx_word' id='word_1_84' title='bbox 861 1441 897 1503; x_wconf 87' lang='lat' dir='ltr'>et</span> <span class='ocrx_word' id='word_1_85' title='bbox 919 1434 1062 1503; x_wconf 83' lang='lat' dir='ltr'>letanias</span> <span class='ocrx_word' id='word_1_86' title='bbox 1087 1435 1234 1504; x_wconf 81' lang='lat' dir='ltr'>canendo</span> 
     </span>
     <span class='ocr_line' id='line_1_12' title="bbox 146 1528 1296 1627; baseline 0.003 -20"><span class='ocrx_word' id='word_1_87' title='bbox 146 1549 323 1624; x_wconf 88' lang='lat' dir='ltr'>antequam</span> <span class='ocrx_word' id='word_1_88' title='bbox 347 1538 598 1627; x_wconf 80' lang='lat' dir='ltr'>ingrederetur¹</span> <span class='ocrx_word' id='word_1_89' title='bbox 627 1543 660 1610; x_wconf 92' lang='lat' dir='ltr'>in</span> <span class='ocrx_word' id='word_1_90' title='bbox 685 1544 855 1627; x_wconf 86' lang='lat' dir='ltr'>templum,</span> <span class='ocrx_word' id='word_1_91' title='bbox 890 1542 1046 1612; x_wconf 83' lang='lat' dir='ltr'>terioris</span> <span class='ocrx_word' id='word_1_92' title='bbox 1073 1543 1155 1612; x_wconf 93' lang='lat' dir='ltr'>illud</span> <span class='ocrx_word' id='word_1_93' title='bbox 1178 1541 1237 1611; x_wconf 85' lang='lat' dir='ltr'>oir-</span> <span class='ocrx_word' id='word_1_94' title='bbox 1287 1528 1296 1538; x_wconf 72' lang='grc'><strong>’</strong></span> 
     </span>
     <span class='ocr_line' id='line_1_13' title="bbox 146 1646 1237 1736; baseline 0.004 -21"><span class='ocrx_word' id='word_1_95' title='bbox 146 1648 249 1716; x_wconf 86' lang='lat' dir='ltr'>comit</span> <span class='ocrx_word' id='word_1_96' title='bbox 256 1646 277 1729; x_wconf 87' lang='lat'>³,</span> <span class='ocrx_word' id='word_1_97' title='bbox 295 1650 373 1732; x_wconf 87' lang='lat' dir='ltr'>quid</span> <span class='ocrx_word' id='word_1_98' title='bbox 388 1651 478 1718; x_wconf 84' lang='lat' dir='ltr'>aiiud</span> <span class='ocrx_word' id='word_1_99' title='bbox 494 1649 668 1736; x_wconf 74' lang='lat' dir='ltr'>dgrdfioat,</span> <span class='ocrx_word' id='word_1_100' title='bbox 686 1671 784 1734; x_wconf 86' lang='lat' dir='ltr'>quam</span> <span class='ocrx_word' id='word_1_101' title='bbox 801 1650 889 1734; x_wconf 89' lang='lat' dir='ltr'>quod</span> <span class='ocrx_word' id='word_1_102' title='bbox 903 1651 938 1719; x_wconf 92' lang='lat' dir='ltr'>in</span> <span class='ocrx_word' id='word_1_103' title='bbox 950 1651 1099 1720; x_wconf 87' lang='lat' dir='ltr'>adventu</span> <span class='ocrx_word' id='word_1_104' title='bbox 1115 1649 1237 1719; x_wconf 91' lang='lat' dir='ltr'>domini</span> 
     </span>
     <span class='ocr_line' id='line_1_14' title="bbox 147 1758 1236 1844; baseline 0.003 -19"><span class='ocrx_word' id='word_1_105' title='bbox 147 1767 182 1825; x_wconf 91' lang='lat' dir='ltr'>et</span> <span class='ocrx_word' id='word_1_106' title='bbox 206 1763 393 1826; x_wconf 83' lang='lat' dir='ltr'>sanatorum</span> <span class='ocrx_word' id='word_1_107' title='bbox 411 1760 490 1840; x_wconf 86' lang='lat' dir='ltr'>eius,</span> <span class='ocrx_word' id='word_1_108' title='bbox 516 1760 571 1844; x_wconf 91' lang='lat' dir='ltr'>qui</span> <span class='ocrx_word' id='word_1_109' title='bbox 587 1759 628 1827; x_wconf 84' lang='lat' dir='ltr'>iit</span> <span class='ocrx_word' id='word_1_110' title='bbox 642 1779 703 1844; x_wconf 85' lang='lat' dir='ltr'>per</span> <span class='ocrx_word' id='word_1_111' title='bbox 723 1760 965 1828; x_wconf 74' lang='lat' dir='ltr'>invocationem</span> <span class='ocrx_word' id='word_1_112' title='bbox 990 1759 1129 1828; x_wconf 90' lang='lat' dir='ltr'>nominis</span> <span class='ocrx_word' id='word_1_113' title='bbox 1156 1758 1236 1840; x_wconf 89' lang='lat' dir='ltr'>eius,</span> 
     </span>
     <span class='ocr_line' id='line_1_15' title="bbox 147 1866 1319 1956; baseline 0.007 -22"><span class='ocrx_word' id='word_1_114' title='bbox 147 1867 326 1950; x_wconf 83' lang='lat' dir='ltr'>sicutipse</span> <span class='ocrx_word' id='word_1_115' title='bbox 350 1867 467 1935; x_wconf 67' lang='lat' dir='ltr'>dixitb:</span> <span class='ocrx_word' id='word_1_116' title='bbox 494 1866 590 1953; x_wconf 80' lang='lat' dir='ltr'>,Ubi‘</span> <span class='ocrx_word' id='word_1_117' title='bbox 614 1872 676 1937; x_wconf 81' lang='lat' dir='ltr'>duo</span> <span class='ocrx_word' id='word_1_118' title='bbox 699 1871 748 1938; x_wconf 81' lang='lat' dir='ltr'>vel</span> <span class='ocrx_word' id='word_1_119' title='bbox 771 1881 833 1939; x_wconf 76' lang='lat' dir='ltr'>tres</span> <span class='ocrx_word' id='word_1_120' title='bbox 855 1873 1038 1956; x_wconf 66' lang='lat' dir='ltr'>corryreooti</span> <span class='ocrx_word' id='word_1_121' title='bbox 1058 1871 1181 1956; x_wconf 61' lang='lat' dir='ltr'>fuerim</span> <span class='ocrx_word' id='word_1_122' title='bbox 1203 1873 1238 1937; x_wconf 76' lang='lat' dir='ltr'>in</span> <span class='ocrx_word' id='word_1_123' title='bbox 1305 1916 1319 1942; x_wconf 88' lang='lat'>·.</span> 
     </span>
     <span class='ocr_line' id='line_1_16' title="bbox 147 1977 1236 2063; baseline 0 -19"><span class='ocrx_word' id='word_1_124' title='bbox 147 1982 270 2044; x_wconf 82' lang='lat' dir='ltr'>nomine</span> <span class='ocrx_word' id='word_1_125' title='bbox 285 2001 361 2063; x_wconf 82' lang='lat' dir='ltr'>meo,</span> <span class='ocrx_word' id='word_1_126' title='bbox 377 1982 411 2045; x_wconf 83' lang='lat' dir='ltr'>in</span> <span class='ocrx_word' id='word_1_127' title='bbox 426 1981 529 2046; x_wconf 82' lang='lat' dir='ltr'>medio</span> <span class='ocrx_word' id='word_1_128' title='bbox 545 2001 652 2047; x_wconf 81' lang='lat' dir='ltr'>eorum</span> <span class='ocrx_word' id='word_1_129' title='bbox 667 1977 758 2062; x_wconf 78' lang='lat' dir='ltr'>aum‘,</span> <span class='ocrx_word' id='word_1_130' title='bbox 783 1977 888 2045; x_wconf 91' lang='lat' dir='ltr'>omnis</span> <span class='ocrx_word' id='word_1_131' title='bbox 905 1978 1060 2061; x_wconf 86' lang='lat' dir='ltr'>superbia</span> <span class='ocrx_word' id='word_1_132' title='bbox 1076 1986 1112 2045; x_wconf 88' lang='lat' dir='ltr'>et</span> <span class='ocrx_word' id='word_1_133' title='bbox 1125 1977 1236 2047; x_wconf 83' lang='lat' dir='ltr'>virtus</span> 
     </span>
     <span class='ocr_line' id='line_1_17' title="bbox 147 2085 1233 2170; baseline 0.006 -18"><span class='ocrx_word' id='word_1_134' title='bbox 147 2085 275 2165; x_wconf 87' lang='lat' dir='ltr'>diaboii,</span> <span class='ocrx_word' id='word_1_135' title='bbox 299 2085 327 2152; x_wconf 91' lang='lat' dir='ltr'>si</span> <span class='ocrx_word' id='word_1_136' title='bbox 350 2105 416 2168; x_wconf 87' lang='lat' dir='ltr'>qua</span> <span class='ocrx_word' id='word_1_137' title='bbox 438 2085 472 2152; x_wconf 90' lang='lat' dir='ltr'>in</span> <span class='ocrx_word' id='word_1_138' title='bbox 491 2086 586 2153; x_wconf 92' lang='lat' dir='ltr'>domo</span> <span class='ocrx_word' id='word_1_139' title='bbox 601 2085 802 2154; x_wconf 77' lang='lat' dir='ltr'>latitaverat</span> <span class='ocrx_word' id='word_1_140' title='bbox 825 2093 960 2153; x_wconf 80' lang='lat' dir='ltr'>corruat</span> <span class='ocrx_word' id='word_1_141' title='bbox 984 2091 1020 2154; x_wconf 85' lang='lat' dir='ltr'>et</span> <span class='ocrx_word' id='word_1_142' title='bbox 1034 2085 1233 2170; x_wconf 65' lang='lat' dir='ltr'>dannatum</span> 
     </span>
     <span class='ocr_line' id='line_1_18' title="bbox 148 2193 1238 2278; baseline 0.003 -19"><span class='ocrx_word' id='word_1_143' title='bbox 148 2204 182 2260; x_wconf 85' lang='lat' dir='ltr'>et</span> <span class='ocrx_word' id='word_1_144' title='bbox 206 2194 292 2276; x_wconf 90' lang='lat' dir='ltr'>quod</span> <span class='ocrx_word' id='word_1_145' title='bbox 316 2193 494 2261; x_wconf 83' lang='lat' dir='ltr'>seeundum</span> <span class='ocrx_word' id='word_1_146' title='bbox 517 2194 731 2278; x_wconf 82' lang='lat' dir='ltr'>prophetemc</span> <span class='ocrx_word' id='word_1_147' title='bbox 764 2196 966 2277; x_wconf 62' lang='lat' dir='ltr'>,multabitur</span> <span class='ocrx_word' id='word_1_148' title='bbox 989 2199 1135 2264; x_wconf 77' lang='lat' dir='ltr'>dominun</span> <span class='ocrx_word' id='word_1_149' title='bbox 1152 2196 1238 2264; x_wconf 70' lang='lat' dir='ltr'>eolre</span> 
     </span>
     <span class='ocr_line' id='line_1_19' title="bbox 148 2301 1320 2392; baseline 0.002 -24"><span class='ocrx_word' id='word_1_150' title='bbox 148 2309 179 2370; x_wconf 81' lang='lat' dir='ltr'>in</span> <span class='ocrx_word' id='word_1_151' title='bbox 196 2308 246 2370; x_wconf 79' lang='lat' dir='ltr'>die</span> <span class='ocrx_word' id='word_1_152' title='bbox 262 2305 330 2390; x_wconf 69' lang='lat' dir='ltr'>ido}</span> <span class='ocrx_word' id='word_1_153' title='bbox 357 2309 392 2370; x_wconf 88' lang='lat' dir='ltr'>at</span> <span class='ocrx_word' id='word_1_154' title='bbox 407 2302 581 2370; x_wconf 83' lang='lat' dir='ltr'>vocabitur</span> <span class='ocrx_word' id='word_1_155' title='bbox 596 2302 750 2386; x_wconf 88' lang='lat' dir='ltr'>deinceps</span> <span class='ocrx_word' id='word_1_156' title='bbox 766 2321 884 2370; x_wconf 88' lang='lat' dir='ltr'>nomeu</span> <span class='ocrx_word' id='word_1_157' title='bbox 899 2301 962 2368; x_wconf 87' lang='lat' dir='ltr'>loci</span> <span class='ocrx_word' id='word_1_158' title='bbox 982 2301 1069 2369; x_wconf 88' lang='lat' dir='ltr'>illius</span> <span class='ocrx_word' id='word_1_159' title='bbox 1086 2301 1236 2370; x_wconf 84' lang='lat' dir='ltr'>dominus</span> <span class='ocrx_word' id='word_1_160' title='bbox 1314 2385 1320 2392; x_wconf 25' lang='grc' dir='ltr'>ι</span> 
     </span>
     <span class='ocr_line' id='line_1_20' title="bbox 145 2409 1238 2496; baseline 0.002 -19"><span class='ocrx_word' id='word_1_161' title='bbox 145 2410 287 2478; x_wconf 76' lang='lat' dir='ltr'>ibidem?</span> <span class='ocrx_word' id='word_1_162' title='bbox 318 2409 474 2496; x_wconf 82' lang='lat' dir='ltr'>Legimus</span> <span class='ocrx_word' id='word_1_163' title='bbox 499 2410 598 2478; x_wconf 87' lang='lat' dir='ltr'>etiam</span> <span class='ocrx_word' id='word_1_164' title='bbox 622 2411 656 2478; x_wconf 92' lang='lat' dir='ltr'>in</span> <span class='ocrx_word' id='word_1_165' title='bbox 680 2410 704 2478; x_wconf 85' lang='lat' dir='ltr'><strong>J</strong></span> <span class='ocrx_word' id='word_1_166' title='bbox 707 2429 765 2478; x_wconf 87' lang='lat' dir='ltr'>esu</span> <span class='ocrx_word' id='word_1_167' title='bbox 785 2410 912 2490; x_wconf 61' lang='lat' dir='ltr'>Naved,</span> <span class='ocrx_word' id='word_1_168' title='bbox 937 2410 1024 2493; x_wconf 88' lang='lat' dir='ltr'>quod</span> <span class='ocrx_word' id='word_1_169' title='bbox 1048 2410 1238 2479; x_wconf 82' lang='lat' dir='ltr'>saoerdotes</span> 
     </span>
     <span class='ocr_line' id='line_1_21' title="bbox 146 2517 1235 2612; baseline 0.002 -28"><span class='ocrx_word' id='word_1_170' title='bbox 146 2528 181 2585; x_wconf 86' lang='lat' dir='ltr'>et</span> <span class='ocrx_word' id='word_1_171' title='bbox 202 2518 327 2586; x_wconf 74' lang='lat' dir='ltr'>letitae</span> <span class='ocrx_word' id='word_1_172' title='bbox 342 2526 445 2602; x_wconf 81' lang='lat' dir='ltr'>atque</span> <span class='ocrx_word' id='word_1_173' title='bbox 467 2519 643 2612; x_wconf 84' lang='lat' dir='ltr'>universus</span> <span class='ocrx_word' id='word_1_174' title='bbox 659 2518 789 2586; x_wconf 82' lang='lat' dir='ltr'>Israhel</span> <span class='ocrx_word' id='word_1_175' title='bbox 806 2517 902 2585; x_wconf 91' lang='lat' dir='ltr'>simul</span> <span class='ocrx_word' id='word_1_176' title='bbox 919 2537 992 2585; x_wconf 86' lang='lat' dir='ltr'>eum</span> <span class='ocrx_word' id='word_1_177' title='bbox 1008 2537 1087 2586; x_wconf 75' lang='lat' dir='ltr'>arua</span> <span class='ocrx_word' id='word_1_178' title='bbox 1101 2517 1235 2586; x_wconf 81' lang='lat' dir='ltr'>Domini</span> 
     </span>
     <span class='ocr_line' id='line_1_22' title="bbox 146 2607 1237 2712; baseline 0 -18"><span class='ocrx_word' id='word_1_179' title='bbox 146 2624 386 2695; x_wconf 72' lang='lat' dir='ltr'>omoumierint⁵</span> <span class='ocrx_word' id='word_1_180' title='bbox 409 2629 524 2695; x_wconf 86' lang='lat' dir='ltr'>urbem</span> <span class='ocrx_word' id='word_1_181' title='bbox 540 2626 686 2705; x_wconf 78' lang='lat' dir='ltr'>iericho,</span> <span class='ocrx_word' id='word_1_182' title='bbox 713 2634 748 2694; x_wconf 92' lang='lat' dir='ltr'>et</span> <span class='ocrx_word' id='word_1_183' title='bbox 764 2607 999 2694; x_wconf 68' lang='lat' dir='ltr'>sacerdotibus</span> <span class='ocrx_word' id='word_1_184' title='bbox 1007 2625 1237 2712; x_wconf 82' lang='lat' dir='ltr'>elangentibus</span> 
     </span>
     <span class='ocr_line' id='line_1_23' title="bbox 145 2731 1237 2818; baseline -0.001 -15"><span class='ocrx_word' id='word_1_185' title='bbox 145 2736 290 2803; x_wconf 81' lang='lat' dir='ltr'>buccinis</span> <span class='ocrx_word' id='word_1_186' title='bbox 306 2743 341 2803; x_wconf 88' lang='lat' dir='ltr'>et</span> <span class='ocrx_word' id='word_1_187' title='bbox 356 2735 582 2804; x_wconf 84' lang='lat' dir='ltr'>oonelamaute</span> <span class='ocrx_word' id='word_1_188' title='bbox 597 2732 753 2803; x_wconf 86' lang='lat' dir='ltr'>universo</span> <span class='ocrx_word' id='word_1_189' title='bbox 768 2735 887 2818; x_wconf 81' lang='lat' dir='ltr'>populo</span> <span class='ocrx_word' id='word_1_190' title='bbox 903 2734 1013 2801; x_wconf 91' lang='lat' dir='ltr'>subito</span> <span class='ocrx_word' id='word_1_191' title='bbox 1030 2731 1237 2802; x_wconf 72' lang='lat' dir='ltr'>corruerint‘</span> 
     </span>
    </p>
   </div>
   <div class='ocr_carea' id='block_1_5' title="bbox 15 2832 1366 2928">
    <p class='ocr_par' dir='ltr' id='par_1_6' title="bbox 15 2832 1366 2928">
     <span class='ocr_line' id='line_1_24' title="bbox 15 2832 1366 2928; baseline 0 -17"><span class='ocrx_word' id='word_1_192' title='bbox 15 2832 17 2838; x_wconf 75' lang='grc'><strong>’</strong></span> <span class='ocrx_word' id='word_1_193' title='bbox 146 2845 230 2912; x_wconf 88' lang='lat' dir='ltr'>muri</span> <span class='ocrx_word' id='word_1_194' title='bbox 254 2844 411 2912; x_wconf 70' lang='lat' dir='ltr'>diritatis.</span> <span class='ocrx_word' id='word_1_195' title='bbox 461 2842 555 2928; x_wconf 82' lang='lat' dir='ltr'>Quod</span> <span class='ocrx_word' id='word_1_196' title='bbox 586 2844 702 2926; x_wconf 86' lang='lat' dir='ltr'>utique</span> <span class='ocrx_word' id='word_1_197' title='bbox 733 2834 907 2927; x_wconf 74' lang='lat' dir='ltr'>signifieat,</span> <span class='ocrx_word' id='word_1_198' title='bbox 940 2842 983 2909; x_wconf 88' lang='lat' dir='ltr'>ad</span> <span class='ocrx_word' id='word_1_199' title='bbox 1007 2861 1121 2912; x_wconf 83' lang='lat' dir='ltr'>vocem</span> <span class='ocrx_word' id='word_1_200' title='bbox 1144 2861 1236 2927; x_wconf 85' lang='lat' dir='ltr'>prae·</span> <span class='ocrx_word' id='word_1_201' title='bbox 1358 2877 1366 2891; x_wconf 86' lang='lat'><strong>·</strong></span> 
     </span>
    </p>
   </div>
   <div class='ocr_carea' id='block_1_6' title="bbox 146 2950 1236 3035">
    <p class='ocr_par' dir='ltr' id='par_1_7' title="bbox 146 2950 1236 3035">
     <span class='ocr_line' id='line_1_25' title="bbox 146 2950 1236 3035; baseline 0 -16"><span class='ocrx_word' id='word_1_202' title='bbox 146 2952 319 3020; x_wconf 81' lang='lat' dir='ltr'>dicationis</span> <span class='ocrx_word' id='word_1_203' title='bbox 357 2960 393 3019; x_wconf 87' lang='lat' dir='ltr'>et</span> <span class='ocrx_word' id='word_1_204' title='bbox 423 2952 531 3020; x_wconf 88' lang='lat' dir='ltr'>laudis</span> <span class='ocrx_word' id='word_1_205' title='bbox 569 2951 689 3019; x_wconf 92' lang='lat' dir='ltr'>domini</span> <span class='ocrx_word' id='word_1_206' title='bbox 727 2958 805 3035; x_wconf 89' lang='lat' dir='ltr'>post</span> <span class='ocrx_word' id='word_1_207' title='bbox 842 2950 1021 3020; x_wconf 86' lang='lat' dir='ltr'>salvatoris</span> <span class='ocrx_word' id='word_1_208' title='bbox 1055 2951 1236 3019; x_wconf 84' lang='lat' dir='ltr'>adventum</span> 
     </span>
    </p>
   </div>
   <div class='ocr_carea' id='block_1_7' title="bbox 147 3057 1356 3145">
    <p class='ocr_par' dir='ltr' id='par_1_8' title="bbox 147 3057 1356 3145">
     <span class='ocr_line' id='line_1_26' title="bbox 147 3057 1356 3145; baseline -0.001 -18"><span class='ocrx_word' id='word_1_209' title='bbox 147 3062 333 3145; x_wconf 86' lang='lat' dir='ltr'>superbiam</span> <span class='ocrx_word' id='word_1_210' title='bbox 364 3061 561 3128; x_wconf 90' lang='lat' dir='ltr'>mundanam</span> <span class='ocrx_word' id='word_1_211' title='bbox 594 3060 766 3139; x_wconf 81' lang='lat' dir='ltr'>corruisse,</span> <span class='ocrx_word' id='word_1_212' title='bbox 798 3065 834 3127; x_wconf 90' lang='lat' dir='ltr'>et</span> <span class='ocrx_word' id='word_1_213' title='bbox 863 3079 1002 3144; x_wconf 74' lang='lat' dir='ltr'>regnum</span> <span class='ocrx_word' id='word_1_214' title='bbox 1032 3058 1153 3127; x_wconf 72' lang='lat' dir='ltr'>diaboli</span> <span class='ocrx_word' id='word_1_215' title='bbox 1183 3057 1237 3126; x_wconf 73' lang='lat' dir='ltr'>da</span> <span class='ocrx_word' id='word_1_216' title='bbox 1353 3120 1356 3125; x_wconf 24' lang='lat'><em>⁴</em></span> 
     </span>
    </p>
   </div>
   <div class='ocr_carea' id='block_1_8' title="bbox 145 3163 1235 3361">
    <p class='ocr_par' dir='ltr' id='par_1_9' title="bbox 145 3163 1235 3361">
     <span class='ocr_line' id='line_1_27' title="bbox 147 3163 1235 3260; baseline -0.001 -24"><span class='ocrx_word' id='word_1_217' title='bbox 147 3165 331 3237; x_wconf 80' lang='lat' dir='ltr'>structum⁷</span> <span class='ocrx_word' id='word_1_218' title='bbox 367 3188 449 3237; x_wconf 86' lang='lat' dir='ltr'>assa.</span> <span class='ocrx_word' id='word_1_219' title='bbox 510 3167 605 3252; x_wconf 81' lang='lat' dir='ltr'>Quod</span> <span class='ocrx_word' id='word_1_220' title='bbox 636 3163 715 3260; x_wconf 77' lang='lat' dir='ltr'>v‘ero</span> <span class='ocrx_word' id='word_1_221' title='bbox 751 3167 921 3236; x_wconf 86' lang='lat' dir='ltr'>duodeaim</span> <span class='ocrx_word' id='word_1_222' title='bbox 955 3168 1111 3236; x_wconf 83' lang='lat' dir='ltr'>lucernae</span> <span class='ocrx_word' id='word_1_223' title='bbox 1142 3167 1235 3235; x_wconf 86' lang='lat' dir='ltr'>intus</span> 
     </span>
     <span class='ocr_line' id='line_1_28' title="bbox 145 3276 1235 3361; baseline -0.001 -17"><span class='ocrx_word' id='word_1_224' title='bbox 145 3278 240 3345; x_wconf 83' lang='lat' dir='ltr'>iuxta</span> <span class='ocrx_word' id='word_1_225' title='bbox 270 3277 415 3361; x_wconf 84' lang='lat' dir='ltr'>parietes</span> <span class='ocrx_word' id='word_1_226' title='bbox 447 3277 561 3360; x_wconf 90' lang='lat' dir='ltr'>templi</span> <span class='ocrx_word' id='word_1_227' title='bbox 583 3286 761 3360; x_wconf 88' lang='lat' dir='ltr'>ponuntur,</span> <span class='ocrx_word' id='word_1_228' title='bbox 794 3276 1031 3345; x_wconf 86' lang='lat' dir='ltr'>duodenarium</span> <span class='ocrx_word' id='word_1_229' title='bbox 1045 3291 1049 3298; x_wconf 87' lang='lat'>·</span> <span class='ocrx_word' id='word_1_230' title='bbox 1062 3294 1235 3344; x_wconf 88' lang='lat' dir='ltr'>numerum</span> 
     </span>
    </p>
   </div>
   <div class='ocr_carea' id='block_1_9' title="bbox 146 3490 1232 3652">
    <p class='ocr_par' dir='ltr' id='par_1_10' title="bbox 146 3490 1232 3652">
     <span class='ocr_line' id='line_1_29' title="bbox 240 3490 1232 3562; baseline -0.004 -14"><span class='ocrx_word' id='word_1_231' title='bbox 240 3504 254 3533; x_wconf 77' lang='lat'>⁸</span> <span class='ocrx_word' id='word_1_232' title='bbox 276 3491 440 3562; x_wconf 60' lang='lat' dir='ltr'>11.,Paralip</span> <span class='ocrx_word' id='word_1_233' title='bbox 459 3491 493 3561; x_wconf 87' lang='lat' dir='ltr'>V,</span> <span class='ocrx_word' id='word_1_234' title='bbox 513 3492 592 3556; x_wconf 77' lang='lat'><strong>3-7.</strong></span> <span class='ocrx_word' id='word_1_235' title='bbox 625 3491 865 3561; x_wconf 74' lang='lat' dir='ltr'>buatmxvll,</span> <span class='ocrx_word' id='word_1_236' title='bbox 884 3491 928 3549; x_wconf 72' lang='lat'>20.</span> <span class='ocrx_word' id='word_1_237' title='bbox 959 3491 1025 3548; x_wconf 73' lang='grc' dir='ltr'>οΙο.</span> <span class='ocrx_word' id='word_1_238' title='bbox 1038 3490 1077 3561; x_wconf 86' lang='grc' dir='ltr'>Π,</span> <span class='ocrx_word' id='word_1_239' title='bbox 1095 3493 1127 3547; x_wconf 91' lang='lat'>11</span> <span class='ocrx_word' id='word_1_240' title='bbox 1148 3497 1178 3549; x_wconf 82' lang='lat' dir='ltr'>et</span> <span class='ocrx_word' id='word_1_241' title='bbox 1190 3491 1232 3554; x_wconf 67' lang='lat'>12.</span> 
     </span>
     <span class='ocr_line' id='line_1_30' title="bbox 146 3583 463 3652; baseline -0.009 -14"><span class='ocrx_word' id='word_1_242' title='bbox 146 3584 161 3624; x_wconf 74' lang='lat'>‘¹</span> <span class='ocrx_word' id='word_1_243' title='bbox 181 3583 267 3638; x_wconf 85' lang='lat' dir='ltr'>Josne</span> <span class='ocrx_word' id='word_1_244' title='bbox 285 3583 333 3651; x_wconf 84' lang='lat' dir='ltr'>VI,</span> <span class='ocrx_word' id='word_1_245' title='bbox 354 3583 388 3638; x_wconf 91' lang='lat'>10</span> <span class='ocrx_word' id='word_1_246' title='bbox 407 3598 463 3652; x_wconf 77' lang='lat' dir='ltr'>sqq.</span> 
     </span>
    </p>
   </div>
   <div class='ocr_carea' id='block_1_10' title="bbox 240 3707 1235 3817">
    <p class='ocr_par' dir='ltr' id='par_1_11' title="bbox 240 3707 1235 3817">
     <span class='ocr_line' id='line_1_31' title="bbox 240 3707 1235 3817; baseline -0.003 -16"><span class='ocrx_word' id='word_1_247' title='bbox 240 3746 451 3815; x_wconf 84' lang='lat' dir='ltr'>¹apparatuoe;</span> <span class='ocrx_word' id='word_1_248' title='bbox 467 3754 600 3817; x_wconf 80' lang='lat' dir='ltr'>paratura</span> <span class='ocrx_word' id='word_1_249' title='bbox 608 3745 693 3817; x_wconf 78' lang='lat' dir='ltr'>Vuig.</span> <span class='ocrx_word' id='word_1_250' title='bbox 715 3707 914 3817; x_wconf 73' lang='lat' dir='ltr'>&#39;ingradiatur</span> <span class='ocrx_word' id='word_1_251' title='bbox 923 3744 1020 3802; x_wconf 82' lang='lat' dir='ltr'>PP¹oa</span> <span class='ocrx_word' id='word_1_252' title='bbox 1041 3744 1196 3801; x_wconf 71' lang='lat' dir='ltr'>&#39;omouitnr</span> <span class='ocrx_word' id='word_1_253' title='bbox 1204 3743 1235 3799; x_wconf 89' lang='lat' dir='ltr'>P.</span> 
     </span>
    </p>
   </div>
   <div class='ocr_carea' id='block_1_11' title="bbox 146 3834 1324 3903">
    <p class='ocr_par' dir='ltr' id='par_1_12' title="bbox 146 3834 1324 3903">
     <span class='ocr_line' id='line_1_32' title="bbox 146 3834 1324 3903; baseline -0.001 -12"><span class='ocrx_word' id='word_1_254' title='bbox 146 3835 224 3891; x_wconf 82' lang='lat' dir='ltr'>‘nbi</span> <span class='ocrx_word' id='word_1_255' title='bbox 244 3845 311 3893; x_wconf 85' lang='lat' dir='ltr'>eunt</span> <span class='ocrx_word' id='word_1_256' title='bbox 328 3836 358 3891; x_wconf 85' lang='lat' dir='ltr'>P.</span> <span class='ocrx_word' id='word_1_257' title='bbox 403 3835 602 3903; x_wconf 78' lang='lat' dir='ltr'>⁸cirouiernnt</span> <span class='ocrx_word' id='word_1_258' title='bbox 618 3836 649 3892; x_wconf 89' lang='lat' dir='ltr'>P.</span> <span class='ocrx_word' id='word_1_259' title='bbox 693 3834 886 3893; x_wconf 71' lang='lat' dir='ltr'>‘warnerunt</span> <span class='ocrx_word' id='word_1_260' title='bbox 904 3835 934 3891; x_wconf 91' lang='grc' dir='ltr'>Ρ.</span> <span class='ocrx_word' id='word_1_261' title='bbox 979 3834 1178 3892; x_wconf 65' lang='lat' dir='ltr'>&#39;mennatum</span> <span class='ocrx_word' id='word_1_262' title='bbox 1198 3834 1236 3890; x_wconf 81' lang='lat' dir='ltr'>u.</span> <span class='ocrx_word' id='word_1_263' title='bbox 1317 3866 1324 3880; x_wconf 84' lang='lat'><strong>·</strong></span> 
     </span>
    </p>
   </div>
   <div class='ocr_carea' id='block_1_12' title="bbox 0 0 1378 4456">
    <p class='ocr_par' dir='ltr' id='par_1_13' title="bbox 0 0 1378 4456">
     <span class='ocr_line' id='line_1_33' title="bbox 0 0 1378 4456; baseline 0 0"><span class='ocrx_word' id='word_1_264' title='bbox 0 0 1378 4456; x_wconf 95' lang='lat' dir='ltr'> </span> 
     </span>
    </p>
   </div>
  </div>
 </body>
</html>
