2744 4456
581 248 831 315 -232-

165 442 288 512 senerii
303 443 431 512 numeri
447 444 638 529 compositio
652 443 664 482 ¹
686 445 741 513 vei
758 445 836 512 ordo
852 444 908 513 vel
923 445 1060 529 pertitio
1076 444 1252 530 muitetur,

166 558 279 620 temen
301 543 443 620 validior
477 558 512 620 et
542 552 790 638 praepotentior
822 553 965 637 desuper
994 553 1081 621 retio
1111 571 1178 620 non
1208 549 1254 620 eis

166 659 284 728 annuit
305 657 534 744 interiusque*
559 660 626 730 vim
650 661 778 730 numeri
802 661 959 742 continet,
984 680 1045 745 per
1067 679 1166 744 quem
1185 677 1255 727 con·

166 767 289 836 tritum
312 765 476 837 fidenter-³
498 768 587 850 dicit,
612 768 647 837 id
670 768 756 852 quod
772 769 894 838 dicitnr
917 789 1019 838 unum
1040 769 1077 836 in
1098 766 1254 847 numeris,

165 877 199 944 in
222 876 330 962 nuliis
353 883 467 960 partes
491 877 593 946 dividi
623 896 730 962 posse,
763 878 853 946 nulle
881 883 996 946 entem
1025 895 1164 961 corpore
1193 874 1258 943 nisi
1301 895 1304 901 ·

165 985 201 1053 in
215 990 329 1069 pertes
344 985 599 1054 innumerabiles
611 985 722 1065 dividi,
741 991 777 1054 et
792 984 922 1067 facilius
934 986 1063 1054 ceolum
1079 989 1116 1052 et
1131 989 1257 1052 terrem

166 1094 319 1174 transire,
349 1091 457 1177 quae⁴
487 1094 665 1162 secundnm
696 1094 862 1163 senarium
894 1105 1068 1163 numerum
1092 1091 1258 1160 febriente

166 1209 255 1282 sunt,
285 1222 383 1285 quem
412 1201 498 1270 offici
528 1221 633 1286 posse,
666 1207 705 1270 nt
735 1202 885 1270 seuerius
918 1221 1074 1270 numerus
1098 1221 1165 1304 non
1189 1200 1257 1269 suis

166 1310 317 1394 pertibus
340 1311 553 1408 compleatur.
602 1308 821 1394 Quamobrem
851 1329 915 1377 non
939 1328 1113 1394 possumus
1137 1309 1256 1388 dicere,
1297 1391 1299 1395 ¹

167 1425 343 1503 propterea
373 1418 539 1486 senarium
570 1438 742 1486 numerum
767 1437 840 1486 esse
863 1418 1057 1503 perfectum,
1090 1418 1167 1502 qnia
1199 1436 1259 1486 sex

167 1527 282 1595 diebus
314 1523 475 1610 periecit⁶
506 1526 588 1595 dens
620 1526 729 1594 omnis
759 1546 860 1611 opere
890 1545 961 1607 sue,
992 1527 1051 1595 sed
1081 1532 1259 1610 propterea
1301 1531 1305 1539 '

167 1636 264 1704 deum
297 1654 356 1703 sex
386 1634 501 1702 diebrm
534 1634 713 1718 perfecisse
745 1654 845 1718 opera
877 1654 969 1716 sne,·
995 1635 1072 1718 quis
1107 1634 1259 1703 senarius

167 1763 323 1811 numerus
345 1742 514 1827 perfectus
539 1747 600 1811 est.
648 1742 769 1826 Itaque
800 1743 932 1811 etiamsi
953 1743 1022 1811 ists
1045 1762 1111 1810 non
1133 1748 1257 1821 essent,

167 1851 335 1936 periectos
357 1852 413 1920 ille
437 1849 565 1931 esset⁶;
591 1851 655 1919 nisi
678 1857 791 1920 sutem
805 1851 861 1920 ille
876 1851 1046 1935 perfectus
1064 1855 1164 1928 osset,
1189 1851 1258 1919 ists

109 1963 112 1968 '
168 1961 346 2029 secundnm
371 1959 618 2044 comperiente
641 1979 707 2027 non
733 1965 856 2028 essent.

84 2066 89 2074 ’
112 2152 115 2157 ἡ
261 2071 513 2156 „Numeroruw
535 2073 629 2137 etiam
652 2073 811 2157 imperitia
827 2071 927 2138 muita
942 2072 1024 2155 feeit
1039 2092 1105 2137 non
1119 2069 1262 2154 innuas·

166 2178 320 2249 translate
344 2201 381 2247 ac
404 2182 529 2265 mystice
550 2182 656 2267 posita
679 2183 712 2245 in
736 2181 913 2265 scripturis.
952 2179 1118 2266 inperium
1134 2181 1260 2266 qnippe,

167 2297 201 2356 ut
224 2291 270 2355 ita
293 2290 430 2354 dixerim
461 2280 660 2375 inponunrn²,
692 2310 755 2352 nnn
785 2293 886 2373 potest
916 2309 979 2367 non
1003 2279 1153 2366 νιιουινῧν
1184 2286 1262 2372 quid

167 2395 228 2463 sibi
249 2396 332 2479 velit,
356 2397 441 2482 quod
456 2405 484 2461 et
500 2397 632 2481 Moyses
646 2405 675 2462 et
690 2395 782 2463 ntiae
797 2405 826 2462 et
840 2398 907 2482 ipse
923 2391 1092 2462 dmninzab
1116 2395 1258 2480 quadra·

168 2509 257 2591 pinta
280 2505 387 2571 dietis
409 2507 634 2572 ieiunaonnnt.
673 2505 768 2571 Cuius
791 2507 925 2572 actionis
948 2504 1105 2589 fipuratus
1128 2503 1261 2589 quidm

169 2608 296 2681 nodus⁹
318 2606 424 2680 sine1⁰
446 2613 538 2680 inicus
554 2616 677 2679 numeri
692 2615 866 2699 coquitione
890 2621 917 2679 et
933 2613 1182 2678 consideratione
1196 2633 1261 2678 non

168 2722 309 2789 soluitur.
342 2721 446 2788 Habet
467 2723 548 2787 enim
564 2722 731 2787 denarium
746 2728 856 2806 quater
871 2727 1033 2806 tamqnam
1056 2721 1263 2805 capnitionem

170 2833 306 2896 omniurn
330 2851 436 2895 rerum
466 2832 617 2898 intentant
647 2829 845 2916 temporibus.
894 2830 1105 2911 Quaternario
1128 2849 1263 2914 namque
1324 2838 1330 2851 '

169 2961 297 3005 raumara
321 2945 349 3007 et
372 2939 491 3006 diurna
514 2948 543 3004 et
573 2959 683 3006 annua
711 2938 871 3004 currum
889 2945 1112 3024 peroptimum·
1142 2938 1263 3003 diurna

171 3050 346 3129 metuens,
383 3047 582 3131 meridianis,
617 3050 817 3133 uespertinis,
852 3049 1073 3130 nocturnisque
1108 3045 1263 3113 horarum

96 3205 101 3212 .
169 3159 282 3242 spatiis
289 3180 303 3237 ;
326 3175 435 3222 anecua
451 3158 564 3237 cernis,
589 3158 725 3237 aestivis,
749 3153 995 3236 antumnaiibus,
1019 3153 1263 3240 timentibusque

244 3345 257 3374 ⁸
279 3335 352 3402 Aug.
373 3333 459 3389 doctr.
478 3333 574 3388 christ.
594 3333 632 3399 11,
653 3333 687 3388 16
707 3347 764 3387 nro.
785 3331 827 3386 25.
874 3331 959 3386 beer.
981 3330 1068 3407 Exod.
1089 3329 1190 3398 XXIV,
1211 3332 1261 3395 18;

170 3423 222 3480 ΙΠ.
242 3423 311 3493 Reg.
332 3423 407 3486 XIX,
427 3422 458 3486 8;
481 3423 582 3478 Metth.
603 3422 651 3491 IV,
671 3422 695 3476 2.

264 3551 274 3583 ¹
292 3551 444 3620 composito
457 3550 495 3605 11¹.
527 3549 538 3581 '
557 3550 675 3607 interius
689 3566 758 3618 quse
771 3565 802 3604 oe
815 3564 871 3603 exo.
891 3549 917 3603 h.
949 3547 959 3578 ³
978 3547 1126 3604 circuitum
1139 3546 1264 3604 fideliter

171 3658 202 3698 oe
221 3657 277 3698 exc.
298 3643 324 3696 h.
362 3640 496 3710 ‘quaere
515 3641 545 3696 P.
584 3640 682 3696 ⁵fecit
700 3639 766 3695 PP¹.
805 3638 890 3695 ⁶non
909 3644 982 3694 esset
1001 3636 1066 3692 PP¹.
1105 3635 1174 3692 ⁷sic
1188 3641 1263 3709 Aug.

172 3748 206 3787 os
223 3732 376 3803 ingenium.
421 3730 491 3786 ⁸sic
509 3733 583 3801 Aug.
603 3748 630 3786 m
656 3731 711 3786 nisi
739 3745 848 3786 morere
866 3728 980 3796 MPPffi,
1009 3727 1065 3783 nisi
1091 3727 1202 3784 noverit
1222 3746 1265 3785 oe.

172 3820 241 3878 ⁹sic
259 3823 332 3892 Aug.
352 3838 388 3890 m,
409 3821 522 3890 quidem
542 3821 639 3876 modus
658 3820 773 3888 MPP¹h,
793 3836 836 3875 om
857 3836 897 3874 os.
939 3818 961 3850 ¹⁰
980 3818 1035 3874 nisi
1058 3833 1089 3873 oc
1108 3817 1135 3872 h.
