2744 4456
545 300 589 311 -
638 266 702 332 163
749 223 896 312 -''

128 443 257 544 quoque
288 467 324 529 et
354 462 503 529 Hesther
535 468 570 529 et
597 461 718 529 Judith
750 461 878 546 singuli,
903 461 1058 531 Esdrae¹
1085 463 1166 536 duo,
1183 468 1219 530 et

128 570 191 637 duo
215 570 501 638 Machabaeorum.
532 568 656 653 -Super
685 571 746 638 hos
768 569 954 654 prophetici
975 570 1051 639 libri
1074 571 1216 640 seucum

128 683 222 764 sunt:
247 677 364 758 Isaiae,
389 676 586 758 Hieremias,
611 677 767 747 Ezechiel
791 685 826 747 et
844 678 965 746 Daniel
986 678 1063 747 libri
1086 679 1215 766 singuli

128 785 297 854 duodecim
321 806 450 869 qnoque
472 786 807 881 prophetarnm'libri
823 786 958 872 singuli;
985 794 1020 856 et
1041 789 1126 856 haec
1148 788 1216 871 qui·
1249 816 1252 821 ·

127 893 201 961 dem
233 894 428 978 prophetica
464 899 551 962 sunt.
605 895 693 972 ¹Post
723 896 808 964 haec
838 914 996 964 versuum
1034 902 1108 964 octo
1140 896 1217 964 libri
1284 927 1288 934 ·

126 1003 302 1078 habentur,
334 1003 389 1085 qui
419 1002 563 1071 diverso*
579 998 668 1087 apud
696 1003 859 1072 hebraeos
882 1010 988 1072 metro
1013 1005 1212 1085 scribuntur,

126 1109 159 1177 id
184 1116 252 1178 est:
278 1111 344 1178 Job
366 1111 451 1179 liber
474 1116 510 1179 et
531 1112 616 1180 liber
628 1113 831 1196 psalmorum
855 1118 891 1181 et
908 1112 1157 1197 proverbiorum
1182 1118 1218 1182 et
1312 1108 1317 1120 '

128 1219 335 1286 ecclesiastes
371 1227 407 1287 et
440 1220 570 1289 cantica
605 1221 806 1290 canticorum
842 1217 936 1290 sive¹
967 1221 1151 1306 sapientiae
1172 1227 1219 1290 ‘et

128 1327 385 1406 ecclesiasticus,
415 1329 738 1413 lamentationesque
767 1330 966 1399 Hieremiae.
1019 1327 1103 1399 'Sic³
1133 1349 1216 1399 com·

125 1435 259 1519 plentur
281 1436 356 1518 libri
379 1437 505 1506 veteris
529 1438 724 1506 testamenti
747 1439 968 1525 quadraginta
991 1439 1144 1523 quinque.

215 1544 302 1613 Noti
325 1543 462 1614 autem⁴
485 1547 680 1614 testamenti
702 1547 843 1631 primum
866 1553 1010 1631 quatuor
1032 1546 1218 1634 Evangelia

126 1659 220 1721 sunt:
238 1654 414 1731 Matthaei,
431 1655 545 1735 Marci,
563 1655 676 1724 Lucae
693 1653 749 1723 et⁶
765 1656 789 1724 J
790 1656 938 1725 ohannis.
972 1656 1045 1724 Hos
1061 1662 1216 1739 quatuor·

125 1762 229 1830 decim
250 1748 349 1856 }’auli
380 1763 520 1847 apostoli
552 1764 717 1850 epistolae,
742 1769 936 1848 sequuntur,
969 1765 1087 1848 quibus
1116 1764 1217 1833 etiam
1280 1767 1284 1779 '

126 1871 321 1939 subiunctas
359 1880 439 1939 sunt
480 1878 608 1956 septem
647 1873 829 1942 catholicae
868 1872 1044 1958 epistolae:
1088 1873 1215 1956 Jacobi,

125 1980 219 2049 Petri
235 1977 288 2069 (2),
313 1979 477 2048 Johannis
494 1977 537 2068 (3)
562 1987 597 2048 et
613 1981 736 2060 Judae;
762 1982 869 2049 Actus
892 2000 1023 2065 quoque
1045 1981 1216 2050 duodecim

125 2090 357 2173 apostolorum,
375 2108 513 2173 quorum
530 2091 674 2158 omnium
689 2091 893 2176 signaculum
910 2096 964 2159 est
975 2087 1215 2176 Apocalypsis⁶

125 2198 303 2275 iohannis,
335 2200 423 2281 quod
453 2206 506 2267 est
536 2199 697 2268 revelatio
727 2199 752 2267 J
754 2218 813 2267 esu
845 2198 999 2280 Ohristh·
1015 2200 1071 2283 qni
1101 2217 1216 2283 omnes

124 2305 225 2373 libros
250 2314 285 2374 et
307 2312 456 2390 tempore
479 2308 645 2375 concludit
668 2307 850 2385 etordiue.
925 2325 928 2332 ·
1005 2289 1021 2326 '
1287 2393 1315 2404 .,
1355 2361 1359 2368 .

215 2414 261 2481 Hi
285 2421 364 2482 suut
393 2414 467 2483 libri
493 2415 639 2484 canonici
662 2416 877 2502 septuaginta
903 2416 977 2496 duo,
1011 2421 1047 2485 et
1078 2418 1120 2484 ob
1151 2416 1214 2485 hoc
1325 2404 1329 2412 ’

125 2523 258 2606 Moyses
283 2523 496 2609 septuaginta
521 2524 621 2609 elegit
635 2526 859 2609 presbyteros,
885 2523 941 2608 qni
955 2525 1214 2609 prophetareut;
1231 2519 1248 2612 1

125 2632 166 2698 ob
189 2632 251 2699 hoe
276 2640 310 2698 et
333 2632 357 2699 J
360 2650 427 2712 esu,
453 2633 603 2701 dominus
625 2634 751 2712 noster,
775 2632 989 2721 septuaginta
1015 2632 1098 2701 duos
1122 2632 1214 2702 (lisci-

123 2740 218 2823 pulos
241 2740 434 2824 praedicare
455 2741 636 2810 mandavit.
668 2741 902 2830 Et-„quooiam
916 2747 1117 2831 semuopinta
1133 2728 1214 2812 dcco
1357 2752 1363 2760 '

125 2851 252 2936 linquae
282 2855 317 2917 in
348 2852 406 2918 boc
436 2853 555 2920 mundo
587 2861 678 2920 erant
710 2852 862 2937 diffiteor,
900 2874 1036 2938 conpares
1067 2853 1211 2940 providit
1296 2872 1301 2880 ·

123 2961 255 3044 spiritua
284 2965 420 3043 maone,
450 2966 485 3028 ui
515 2968 560 3026 tot
583 2959 658 3025 libri
687 2965 795 3042 mem,
825 2962 1076 3047 prostitutiones,
1100 2959 1213 3046 quibus

120 3066 234 3154 populi
264 3077 292 3135 et
321 3074 425 3152 paretes
455 3069 500 3135 ad
528 3061 785 3155 percupientem
820 3067 897 3152 fidei
925 3070 1066 3153 qratiam
1099 3066 1222 3163 oedifi·.

110 3172 329 3243 ·carentar“⁸.
384 3201 388 3208 ·
1257 3184 1260 3189 ’
1298 3172 1303 3179 ’

216 3420 230 3451 ⁸
253 3408 318 3464 lsid.
334 3400 373 3464 'de
392 3409 465 3463 oitlc.
485 3409 507 3476 1,
529 3410 571 3464 11.

218 3606 425 3663 ιΙῦιτιωΡΡῑ,
464 3604 726 3682 'omoelibcrl
765 3605 1018 3677 ‘aequoqueoc
1065 3596 1146 3663 ‘om
1165 3605 1214 3663 11¹.
1251 3656 1257 3667 .

125 3697 198 3753 ‘om
219 3714 250 3754 oe
297 3697 519 3768 ‘Apokslypsin
539 3712 577 3752 oc.
617 3694 841 3765 'perficiendam
862 3713 893 3753 oe
912 3712 968 3753 exe.
991 3697 1038 3768 ph.
1058 3692 1175 3766 (1504).'

989 3983 999 3991 .
1078 3931 1142 3988 .11·
