2744 4456
546 234 838 328 -203-'

124 458 291 543 provisum
324 465 403 537 est·,
436 464 475 525 ut
506 457 670 540 scriptura
701 457 819 536 divina,
853 476 938 539 quae
966 455 1000 524 in
1028 455 1135 540 prima
1157 455 1215 523 illa

124 567 246 652 lingua,
272 586 336 649 qua
355 566 502 633 homines
518 566 614 648 primi
629 565 731 634 locuti
748 570 835 645 snut,
860 564 1012 647 primitus
1029 564 1215 647 conscripta

126 682 186 755 est,
220 677 261 742 ab
292 675 365 759 ipsa
395 694 454 758 per
485 674 581 742 varia
610 675 830 758 interpretum
862 671 971 741 officia
994 673 1037 740 ad
1060 673 1214 741 notitiam

125 783 291 851 hominnm
305 782 493 850 deferretur
503 781 523 862 ¹,
549 802 592 850 ne
607 784 752 850 humana
774 780 908 849 miseria
930 779 1019 849 fame
1041 782 1136 850 verbi
1160 780 1215 849 dei

126 890 279 959 deficiens
296 892 367 959 sine
382 890 525 959 remedio
544 890 578 957 in
594 896 766 958 aeternum
782 888 923 973 periret3
950 895 1085 957 servato
1103 895 1215 957 tamen

125 999 246 1080 ordine,
273 1000 349 1082 quia
372 999 512 1067 maxime
536 1018 641 1066 canon
665 999 819 1067 convenit
834 999 952 1065 harum
971 997 1214 1081 sotpmrarum

124 1108 188 1176 illis
205 1108 312 1176 tribus
327 1107 457 1192 linguis,
483 1127 568 1190 qnae
583 1106 617 1174 in
632 1126 729 1174 cruce
744 1105 961 1190 redemptoris
987 1105 1227 1195 etsalvatoris
1256 1145 1259 1150 ·

127 1216 232 1284 nostri
252 1215 424 1284 dedicatae
441 1221 535 1283 sunt:
561 1215 707 1284 hebraea
721 1214 886 1293 videlicet,
911 1233 1032 1301 graeca
1048 1220 1084 1282 et
1098 1213 1213 1296 launa,

126 1325 168 1393 ad
191 1323 421 1392 insinuandam
445 1329 582 1392 sauctae
605 1322 767 1391 trinitatis
790 1322 889 1391 fidem
912 1323 947 1391 in
970 1323 1078 1391 tribus
1101 1322 1213 1391 mnndi

125 1432 277 1516 partibus
303 1430 473 1515 tripertito
504 1433 646 1500 hnmano
671 1431 784 1518 generi
807 1430 1032 1515 principaliter
1056 1449 1214 1499 commen·
1298 1475 1299 1478 =

125 1541 205 1622 dari,
231 1547 271 1608 ut
287 1559 326 1607 ex
342 1539 394 1606 his
410 1559 629 1624 unaquaeqne
652 1559 734 1627 gens
755 1545 790 1607 et
806 1539 897 1607 natio
913 1539 1067 1623 propriae
1082 1539 1216 1624 linguae

126 1649 319 1718 adminiculo
347 1649 552 1717 intellectum
584 1647 645 1716 sibi
680 1648 845 1716 salubrem
875 1648 1083 1728 attraheret,
1115 1647 1215 1716 inter·

126 1759 286 1842 pretando
311 1778 350 1826 ae
374 1757 595 1842 conloquendo
620 1775 752 1825 sensnm
770 1756 909 1824 eundem
926 1755 1119 1824 canonicum
1142 1774 1213 1839 pro

124 1865 204 1949 priis
228 1867 348 1935 verbis.
382 1865 446 1934 Sed
469 1867 547 1950 quia
570 1865 801 1949 praediximus,
828 1860 937 1948 quon²
959 1870 1021 1932 ant
1042 1864 1076 1931 in
1092 1861 1215 1948 ignotis

125 1973 226 2059 signis
250 1974 366 2043 autin
389 1974 551 2060 ambiguis
567 1976 724 2041 haereret
736 1972 936 2053 intellectus,
961 1978 1088 2041 utnon
1118 1970 1236 2040 facile

124 2082 398 2168 intellegerentur
407 2079 429 2160 ³,
461 2101 548 2166 quae
568 2082 692 2165 scripta
716 2088 804 2149 sunt.
845 2084 913 2167 ,De
936 2084 1092 2166 congus
1114 2085 1215 2167 cipeto

120 2203 194 2279 post
217 2192 386 2279 loquemur,
410 2215 493 2259 nunc
516 2194 556 2258 de
578 2195 745 2277 locopositis
768 2187 947 2277 aptmuabf‘
993 2188 1105 2274 Agere
1129 2187 1214 2256 enim

125 2299 339 2379 decrevimus,
372 2304 412 2367 ut
442 2298 469 2366 si
501 2299 651 2365 dominns
674 2297 786 2376 vellet,
820 2315 1034 2380 quaecunque
1065 2295 1100 2364 in
1122 2314 1214 2381 prae

125 2407 222 2476 dictis
238 2407 365 2475 duobus
389 2407 492 2493 signis
515 2406 704 2474 necessaria
720 2412 832 2474 essent
856 2406 900 2473 ad
915 2405 1105 2474 discendum
1120 2404 1214 2473 nobis

126 2515 303 2583 distributo
327 2515 441 2582 ordine
464 2515 623 2598 modoque
647 2514 815 2599 disposito,
851 2519 1011 2598 quantum
1042 2531 1214 2597 possemus

126 2624 405 2692 conscriberemus
413 2622 436 2690 ⁴.
470 2622 566 2692 Unde
590 2624 775 2707 oportebat,
803 2628 841 2690 ut
865 2622 906 2689 de
929 2621 1051 2707 ignotis
1074 2620 1215 2706 propriis

125 2731 227 2817 signis
250 2731 342 2816 prins
358 2750 542 2817 ageremus,
566 2732 600 2799 in
618 2732 736 2815 quibus
760 2730 854 2798 radix
872 2735 908 2798 et
922 2729 1052 2798 initium
1067 2727 1214 2797 decenn

126 2839 286 2907 consistit.
335 2840 462 2908 Deinde
494 2839 535 2907 de
565 2839 688 2924 ignotis
719 2838 902 2918 translatis
934 2836 968 2905 in
999 2836 1117 2920 quibus
1138 2837 1214 2905 sub

126 2947 231 3015 tilitas
256 2954 290 3015 et
320 2947 450 3015 utilitas
481 2947 631 3015 lectionis
655 2948 807 3026 babetur,
840 2955 958 3030 postea
981 2964 1061 3013 vero
1085 2944 1126 3013 de
1149 2963 1214 3013 am·

125 3056 233 3141 bignis
258 3056 359 3140 signis
383 3055 522 3139 propriis
546 3063 648 3138 atone
672 3054 855 3135 translatis,
888 3054 1006 3137 quibus
1030 3052 1073 3119 ad
1095 3071 1214 3136 purum

127 3164 243 3232 elicitis
276 3170 310 3230 et
341 3164 519 3231 secundum
544 3163 722 3232 veritatem
753 3162 899 3231 inventis
930 3161 1071 3229 firmitas
1103 3170 1138 3227 et
1167 3160 1213 3228 in·

128 3271 269 3356 tegritas
292 3271 442 3362 lectionis
466 3279 656 3356 generatur.

216 3500 230 3530 ⁸
253 3486 394 3556 sequentis
420 3486 575 3543 sententiaa
599 3494 720 3542 tenorem
747 3485 873 3541 invenies
899 3501 942 3555 ap.
969 3487 1040 3557 Aug.
1068 3483 1102 3540 dc
1126 3483 1211 3540 doctr.

126 3578 220 3634 christ
240 3578 278 3646 11,
297 3578 328 3641 b:
350 3578 383 3633 de
402 3577 480 3633 civit.
501 3576 544 3633 dei
564 3578 582 3632 l.
596 3576 656 3632 XV.
676 3593 699 3632 o.
714 3578 756 3632 ll.
787 3577 802 3617 b
821 3579 894 3645 Aug.
908 3575 994 3631 doctr,
1008 3575 1103 3631 ebriat.
1117 3573 1155 3642 Π,
1170 3574 1212 3630 lt„

219 3740 227 3772 ¹
247 3740 431 3797 deterreretur
443 3739 502 3796 MP.
533 3738 631 3807 ’quae
644 3737 709 3794 PP'.
734 3737 935 3808 'intellegeret
947 3753 985 3794 oc.
1015 3734 1205 3793 ‘describere

127 3845 188 3886 mua
207 3829 248 3887 P¹.
