2744 4456
545 256 798 323 2-134-

24 441 26 445 ’
130 475 203 540 erpa
228 454 266 521 de
288 452 348 521 bac
370 456 437 521 nita
458 452 590 522 marioli
611 455 646 520 in
676 452 775 522 aliam
799 455 900 521 citam
927 455 1137 539 inmortalem,
1168 444 1231 549 bac'

129 568 173 633 est
196 561 234 632 ie
255 567 355 641 marte
378 562 422 628 ad
444 565 552 646 uitam,
576 565 611 628 in
631 565 779 650 passione
801 566 1080 656 annumerare
1102 565 1229 632 damini
1257 600 1262 621 ν

5 755 8 761 Ι
130 671 374 739 amnmendatur.
411 669 476 738 Hic
493 673 648 740 tramitum
663 693 684 738 a
700 671 790 740 nobis
803 671 898 739 mado
914 674 1023 758 apitur
1043 693 1104 760 per
1117 672 1227 758 fidem,

101 845 105 854 ,
130 800 209 865 quae
231 778 321 847 nobis
344 780 442 848 datm
463 781 499 846 in
521 782 732 848 remissionem
759 789 984 869 peceatomm,
1001 781 1129 867 quanda
1153 802 1227 850 can·

24 936 30 946 -
132 887 299 976 sepelimur
327 909 397 957 cum
423 888 546 958 curtam
571 911 633 977 per
663 888 851 976 baptisimum
859 897 883 969 ⁸,
917 892 1010 976 quasi
1040 912 1061 982 a
1091 893 1228 958 marinis

130 1005 327 1066 transeuntes
356 998 396 1063 de
420 996 585 1085 peioribus
615 998 660 1064 ael
689 998 832 1082 meliora,
863 1000 901 1065 de
930 997 1151 1085 corporalibus
1182 1000 1229 1066 acl

129 1105 307 1194 spiritalia,
339 1106 378 1173 ele
407 1109 643 1176 conversatione
670 1107 763 1174 buius
792 1110 875 1176 citae
905 1110 951 1175 ad
980 1129 1066 1194 spem
1095 1108 1229 1193 suturae

131 1217 368 1282 resurrectionis
391 1223 419 1280 et
440 1213 570 1300 planiae.
610 1214 748 1302 Propter
761 1218 866 1302 misum
881 1237 956 1303 erpa
978 1219 1104 1284 initium
1126 1236 1229 1285 norae

52 1395 55 1400 ,
130 1326 221 1406 ritae,
245 1324 289 1389 ad
304 1343 400 1409 quam
413 1325 597 1402 transimus,
620 1329 650 1391 et
669 1332 801 1410 propter
815 1309 1227 1426 nouumbominemmquem
1282 1347 1285 1350 ⁴

129 1432 272 1499 iubemur
303 1432 436 1498 indecere
469 1437 499 1500 et
532 1453 643 1499 cauere
679 1441 826 1515 veterent,
865 1427 1106 1520 ,mpurpantes¹
1138 1442 1229 1502 vetus

130 1540 328 1624 fermentum,
362 1547 411 1614 ut¹
432 1541 531 1606 simus
563 1561 646 1606 nana
678 1543 857 1627 conspersio
865 1534 888 1624 ¹,
922 1544 1071 1627 quercetum
1101 1542 1227 1629 pesclo

130 1654 273 1716 nastrum
295 1647 477 1716 immolatus
495 1637 744 1732 eee'obrium‘b,
809 1655 899 1737 apter
920 1649 1003 1717 lonc
1025 1643 1120 1735 erpo³
1143 1653 1228 1718 vitoe

130 1760 298 1841 nouitatem
315 1760 444 1844 primies
459 1758 573 1824 mensis
591 1757 625 1823 in
641 1759 721 1823 anni
736 1756 891 1852 mmmibus
910 1756 1112 1824 celebrationi
1133 1754 1230 1826 huic*
1258 1797 1260 1800 ·

6 1890 25 1926 ·.
66 1902 72 1912 ·
97 1865 100 1871 ’
131 1865 300 1934 auribmus
323 1872 377 1948 est,
405 1885 481 1933 nam
508 1867 575 1951 ipse
599 1865 717 1932 elicitur
739 1871 769 1934 et
791 1869 905 1933 mensis
927 1887 1092 1932 nocemur.
1140 1867 1229 1950 Quoia

78 1980 83 1989 '
130 1996 203 2055 aero
226 1977 258 2039 in
282 1980 347 2049 tata
371 1982 508 2060 tempore
530 1972 648 2041 saeculi
666 1994 751 2040 nunc
767 1966 893 2040 tertium
916 1982 1038 2061 tempus
1061 1979 1227 2062 apparuit,

129 2083 200 2148 ideo
223 2085 411 2151 rerurrectio
435 2083 557 2148 domiai
577 2083 734 2151 triduana
757 2091 819 2150 est:
837 2085 982 2169 priorum
1001 2085 1083 2166 epim
1105 2089 1229 2171 tmnpus

131 2199 175 2257 est
198 2197 270 2259 aute
292 2189 399 2280 lepem,
422 2191 592 2287 sumendum
614 2190 671 2256 sub
694 2189 770 2277 lepe,
792 2193 919 2259 tertium
942 2191 998 2259 sub
1022 2195 1141 2276 pratia,
1172 2193 1229 2260 ubi

52 2295 56 2304 ’
130 2302 195 2367 iam
214 2299 458 2383 ,manifestatum
472 2308 517 2367 est
531 2308 771 2382 sacramentm
795 2301 880 2386 quad
898 2309 970 2374 ‚erac
984 2302 1019 2365 in
1041 2301 1225 2388 prophetico
1279 2293 1285 2309 ⁸

131 2410 305 2489 aenipmate
328 2406 490 2476 occasum.
539 2409 609 2474 Hac
632 2429 706 2492 erpo
730 2417 759 2474 et
780 2409 815 2474 in
839 2408 948 2475 lunari
970 2414 1101 2475 numera
1124 2412 1239 2494 siqui-1
1280 2420 1283 2426 ·

128 2515 266 2600 fleatur,
289 2517 364 2602 quia
387 2518 470 2582 enim
490 2518 685 2602 septenariae
709 2537 857 2583 numurus
878 2517 957 2586 salet
978 2511 1033 2583 ia⁶
1057 2521 1227 2603 scripturis

131 2626 175 2690 acl
197 2625 358 2711 arandam
378 2625 605 2712 perfectionem
626 2628 774 2710 mysticum
798 2647 965 2713 apparere,
988 2629 1023 2692 im
1038 2629 1132 2694 tertia
1154 2627 1226 2694 beb-

131 2733 271 2802 comaco
291 2728 403 2801 lunae⁶
422 2733 545 2820 pasoba
567 2733 750 2817 celebratur,
773 2735 879 2815 idest,
903 2736 958 2819 qui
973 2735 1039 2800 cies
1055 2739 1228 2805 occurrerit

133 2834 377 2920 <dominicus>⁷
400 2865 421 2909 a
444 2844 671 2929 quintodecimo
698 2845 734 2908 im
756 2844 938 2927 aipesimum
959 2837 1143 2930 primum⁸;
1171 2847 1228 2912 sed

130 2945 205 3018 nec⁹
228 2952 329 3018 salum
349 2960 482 3038 propter
497 2960 617 3039 ternpus
633 2954 769 3034 tertium,
793 2954 869 3036 quia
890 2952 965 3017 inde
973 2946 1000 2985 ¹⁰
1024 2954 1135 3037 incipit
1155 2953 1227 3019 beb-

71 3148 74 3154 4
132 3061 273 3127 damaela
284 3063 388 3143 tertia,
404 3061 565 3128 sedetiam
577 3066 712 3146 propter
723 3062 827 3145 ipsam
835 3053 862 3092 ¹¹
877 3063 1107 3127 conversionem
1121 3060 1226 3145 lunae,

132 3177 205 3268 tanc
227 3171 309 3234 enim
331 3167 391 3235 illa
415 3167 454 3234 ab
478 3167 685 3253 inferioribus
708 3169 752 3234 ac
774 3171 941 3255 superiora
963 3171 1164 3251 conuertitur,
1199 3179 1227 3236 et

132 3277 207 3344 boec
229 3277 320 3344 nobis
344 3277 383 3343 oe
406 3277 483 3343 lerna
505 3275 679 3343 similitudo
703 3276 892 3356 adsumitur,
924 3270 963 3343 oe
985 3275 1159 3343 visibilibus
1182 3278 1228 3343 acl

223 3447 237 3478 ⁸
260 3435 342 3492 Rom.
361 3435 409 3503 VI,
428 3435 454 3490 4.
492 3436 508 3477 b
527 3435 549 3490 1.
569 3434 629 3491 Cor.
648 3433 682 3503 V,
702 3434 727 3490 7.

223 3561 236 3605 1¹
255 3567 408 3632 expurgate
427 3562 468 3616 bI.¹
503 3550 689 3631 ‘consparsio
709 3561 775 3619 PP¹.
814 3560 942 3617 ³0m0e.
975 3561 1049 3616 ‘om
1069 3576 1100 3616 oe
1119 3577 1177 3618 exc.
1198 3561 1225 3618 h.

133 3651 207 3709 ‘om
226 3651 263 3708 M.
293 3651 363 3708 ‘sis
381 3652 401 3708 J
419 3658 447 3709 et
467 3668 511 3717 oe;
533 3653 562 3709 in
582 3653 682 3708 tertiae
702 3651 888 3709 hebdomadae
907 3654 974 3709 luno
987 3650 1081 3706 ΜΡΡῙ.
1110 3649 1224 3716 'siem

136 3759 170 3798 oe
189 3759 241 3799 om.
277 3741 288 3774 ⁸
307 3743 347 3799 sis
358 3742 377 3798 J
384 3764 390 3806 ;
411 3744 539 3812 equinis
552 3743 659 3799 decime
678 3743 708 3798 in
721 3742 886 3813 vigesimam
904 3742 1076 3812 primemb1;
1097 3742 1227 3811 equinus

131 3833 237 3889 decima
250 3833 279 3888 in
289 3833 449 3889 vicesimam
462 3833 527 3888 PP¹.
547 3831 626 3889 ”non
636 3848 668 3889 oe
680 3848 736 3888 exo.
748 3833 774 3889 h.
797 3832 818 3864 ¹⁰
831 3849 876 3888 om
890 3849 921 3888 oe
935 3848 995 3889 exc.
1012 3833 1038 3887 h.
1061 3831 1082 3864 ¹¹
1095 3831 1174 3888 illam
1185 3849 1224 3888 oe.
