2744 4456
497 245 783 324 3-191—

594 450 671 544 cap.
698 464 728 527 2.

165 601 228 670 DE
251 602 508 671 EMiNENTIA
533 603 777 672 SAORARUM
802 603 1152 674 SCRIPTURARUM

114 710 173 778 ΕΤ
197 711 260 779 AD
273 711 406 829 ‘QUID'
420 710 559 779 OMNIS
583 711 794 787 somnum
814 711 1097 781 REFERENDA
1122 714 1200 782 SIT.

205 855 472 923 Fundamentum
496 846 618 936 eutem,
645 863 756 925 status
773 862 809 924 et
817 855 982 940 perfectio
1006 858 1203 941 prudentiae

26 974 28 981 '
114 964 252 1033 scientia
284 970 337 1031 est
368 970 557 1032 sanctarum
588 965 853 1050 scripturorum,¹
880 984 966 1048 quae
997 967 1040 1032 ab
1069 965 1126 1034 illa
1156 967 1202 1035 in·

114 1071 337 1160 commutabili
360 1078 565 1156 aeternaque
587 1079 763 1164 ,sopicotio
778 1072 954 1157 profluens,
980 1093 1066 1156 quae
1088 1100 1127 1144 ea
1149 1101 1203 1145 ore

56 1231 58 1235 -
112 1186 258 1252 altissimi
285 1185 420 1269 prodiit,
454 1188 667 1270 primopcntio
698 1181 824 1250 scilicet
855 1192 928 1254 ante
963 1207 1084 1251 omnmo
1113 1207 1201 1252 creo·

112 1300 228 1376 turam,
245 1287 381 1374 spiritus
398 1289 505 1357 sancti
520 1287 828 1359 otsmtutomous¹
843 1310 904 1374 per
916 1309 1001 1371 vasa
1017 1291 1202 1375 sumpturae
1319 1348 1321 1352 ,

62 1417 67 1425 ’
112 1401 214 1467 tumen
231 1398 454 1485 indeficiens“⁸
470 1398 564 1481 quasi
579 1400 640 1482 pei·
654 1395 826 1467 laternas²
840 1399 912 1467 orbi
926 1399 1018 1467 lucet
1032 1399 1198 1481 universo,
1328 1407 1333 1414 '

112 1526 151 1574 ac
175 1506 203 1575 si
227 1507 304 1590 quid
328 1506 416 1574 aliud
442 1513 503 1586 est
529 1508 616 1590 quod
632 1507 815 1592 sapientiae
830 1507 962 1576 nomine
984 1508 1050 1576 rite
1074 1508 1201 1577 censeri

110 1614 226 1698 possit,
252 1616 293 1683 ab
318 1635 381 1683 uno
407 1612 612 1699 eodemque?
629 1616 812 1699 sapientiae
835 1614 928 1685 toute
944 1617 1132 1685 derivatum
1155 1617 1199 1686 ad

10 1724 17 1735 '
113 1723 182 1792 eius
206 1730 377 1807 respectat
400 1723 566 1808 originem.
613 1724 777 1808 Quidquid
802 1725 887 1792 enim
911 1725 983 1795 veri
1006 1745 1027 1793 a
1050 1745 1200 1809 quocum·

112 1852 176 1915 que
194 1833 368 1917 reperitur,
393 1852 415 1899 a
429 1833 575 1901 veritate
590 1850 707 1900 verum
732 1852 806 1901 esse
820 1852 881 1916 per
899 1833 1005 1918 ipsam
1020 1835 1200 1903 veritatem

71 1961 76 1971 ·
111 1936 310 2018 dinoscitur,
347 1947 382 2007 et
414 1940 571 2023 quidquid
603 1938 814 2024 ubieunque⁴
846 1942 922 2009 boui
953 1942 1141 2024 intenitur,
1161 1925 1200 2012 'a

111 2047 261 2117 bonitate
300 2050 420 2117 bouum
462 2067 536 2116 esse
571 2048 844 2133 deprehenditur,
887 2050 935 2118 sic
974 2057 1010 2118 et
1043 2050 1200 2135 quidquid

111 2158 294 2242 sapientiae
316 2155 359 2224 εὖ
383 2176 546 2240 quoquam
569 2141 802 2243 investigatur,
836 2178 857 2225 a
881 2158 1045 2242 sapientie
1069 2160 1200 2244 sapiens

23 2275 25 2278 ’
111 2285 184 2334 esse
200 2265 413 2350 intellegitur.
447 2265 518 2333 Nec
534 2265 619 2359 euim
634 2265 700 2346 illa,
727 2266 861 2349 quaein
877 2266 970 2334 libris
985 2267 1200 2350 prudentium
1251 2327 1288 2361 Β.

109 2374 207 2443 huius
238 2373 360 2441 saeculi
390 2393 473 2442 vera
504 2380 539 2442 et
569 2367 733 2459 sapientie
762 2375 983 2459 reperiuntur,
1016 2376 1072 2444 alii
1101 2395 1200 2460 quam

109 2482 246 2551 veritati
270 2489 306 2550 ot
329 2481 513 2566 sapientiae
536 2480 735 2550 tribuenda⁸
758 2491 847 2560 sunt,
880 2482 1044 2566 quianon
1068 2486 1110 2552 ab
1133 2484 1198 2552 illis

109 2592 192 2659 haee
207 2591 345 2675 pn'mum
364 2596 495 2658 statuta
512 2597 600 2671 sunt,
617 2591 651 2658 in
668 2611 805 2674 quorum
818 2591 915 2659 dictis
931 2592 1014 2660 haec
1028 2593 1197 2678 leguntur,

110 2699 168 2766 sed
191 2700 233 2765 ab
257 2705 393 2766 aeterno
417 2696 611 2766 manentia²
635 2699 739 2784 magis
762 2699 968 2786 investigata
983 2706 1072 2779 sunt,
1098 2719 1198 2783 quau·

110 2814 180 2874 tum
215 2806 289 2891 ipsa
323 2806 451 2892 doctrix
487 2813 523 2874 et
556 2807 784 2875 inluminatrix
818 2809 961 2877 omnium
997 2810 1125 2877 veritas
1164 2816 1200 2878 et

110 2915 273 2999 sapientia
305 2916 352 2983 eis
383 2915 587 3000 investigare
619 2936 716 3000 posse
746 2916 917 2985 concessit.
972 2917 1023 2986 Ac
1052 2917 1125 2986 idco
1156 2918 1198 2986 ed

110 3042 210 3090 unum
234 3023 410 3090 terminum
431 3028 551 3091 cuncte
566 3023 743 3092 referenda
758 3031 847 3105 sunt,
874 3021 931 3092 et⁸
955 3004 1040 3108 qua'e
1055 3026 1089 3094 in
1104 3025 1197 3094 libris

109 3131 281 3216 gentilium
311 3132 406 3199 utilia
438 3137 474 3199 et
497 3132 634 3214 quaein
659 3132 831 3216 seripturis
856 3134 959 3202 sacris
983 3117 1130 3202 salubria
1151 3134 1197 3201 in·

109 3239 303 3320 veniuntur,
343 3246 390 3307 ut·
417 3239 459 3305 ed
497 3239 716 3325 coguitionem
754 3241 936 3324 perfectam
968 3242 1124 3310 veniatis
1162 3248 1198 3310 et

110 3347 292 3430 sapientiae
312 3347 553 3431 perveniemus,
579 3367 645 3430 qua
660 3349 807 3417 cernitur
831 3357 865 3417 et
880 3356 1017 3418 tenetur
1033 3369 1195 3419 summum

202 3519 216 3550 ⁸
238 3494 397 3564 milatus.
412 3507 513 3575 xxm,
532 3509 550 3560 t
568 3515 597 3564 et
615 3510 640 3565 6,

202 3634 210 3666 ¹
231 3634 437 3691 dismibutionis
456 3635 482 3690 h.
515 3632 685 3692 ‘lanternas
703 3652 741 3691 oc.
774 3635 847 3692 'om
867 3654 912 3701 oe,
933 3638 967 3693 eb
986 3654 1041 3694 uuo
1059 3636 1196 3695 sectatae

109 3739 161 3794 qne
180 3724 334 3794 supientiae
353 3741 385 3781 oe
403 3740 460 3781 exc.
481 3725 508 3781 h.
546 3725 677 3796 ‘ubique
696 3742 735 3782 oe.
774 3724 848 3783 ‘om
867 3727 897 3782 P.
930 3726 1138 3786 ‘attribuenda
1156 3743 1196 3786 oe.
1242 3750 1245 3757 ·

110 3812 120 3844 ¹
140 3815 283 3872 maumtic
301 3830 333 3871 oc
351 3815 417 3872 PP¹.
456 3814 468 3846 ⁸
486 3816 688 3892 mutonePP¹.
