<?xml version="1.0" encoding="UTF-8"?>
<!DOCTYPE html PUBLIC "-//W3C//DTD XHTML 1.0 Transitional//EN"
    "http://www.w3.org/TR/xhtml1/DTD/xhtml1-transitional.dtd">
<html xmlns="http://www.w3.org/1999/xhtml" xml:lang="en" lang="en">
 <head>
  <title>
</title>
<meta http-equiv="Content-Type" content="text/html;charset=utf-8" />
  <meta name='ocr-system' content='tesseract 3.04.00' />
  <meta name='ocr-capabilities' content='ocr_page ocr_carea ocr_par ocr_line ocrx_word'/>
</head>
<body>
  <div class='ocr_page' id='page_1' title='image "./deinstitutionec00maurgoog_0161.png"; bbox 0 0 2744 4456; ppageno 0'>
   <div class='ocr_carea' id='block_1_1' title="bbox 600 199 849 267">
    <p class='ocr_par' dir='ltr' id='par_1_1' title="bbox 600 199 849 267">
     <span class='ocr_line' id='line_1_1' title="bbox 600 199 849 267; baseline -0.004 0"><span class='ocrx_word' id='word_1_1' title='bbox 600 199 849 267; x_wconf 87' lang='lat'>-122·-</span> 
     </span>
    </p>
   </div>
   <div class='ocr_carea' id='block_1_2' title="bbox 152 391 1293 920">
    <p class='ocr_par' dir='ltr' id='par_1_2' title="bbox 152 391 1293 920">
     <span class='ocr_line' id='line_1_2' title="bbox 179 391 1272 485; baseline -0.001 -19"><span class='ocrx_word' id='word_1_2' title='bbox 179 405 278 466; x_wconf 81' lang='lat' dir='ltr'>essent</span> <span class='ocrx_word' id='word_1_3' title='bbox 309 398 376 465; x_wconf 73' lang='lat' dir='ltr'>diss</span> <span class='ocrx_word' id='word_1_4' title='bbox 394 399 599 484; x_wconf 69' lang='lat' dir='ltr'>perpatiaris</span> <span class='ocrx_word' id='word_1_5' title='bbox 621 392 717 481; x_wconf 55' lang='lat' dir='ltr'>siff,</span> <span class='ocrx_word' id='word_1_6' title='bbox 746 418 807 484; x_wconf 79' lang='lat' dir='ltr'>pro</span> <span class='ocrx_word' id='word_1_7' title='bbox 831 396 900 483; x_wconf 75' lang='lat' dir='ltr'>filio</span> <span class='ocrx_word' id='word_1_8' title='bbox 923 400 987 466; x_wconf 80' lang='lat' dir='ltr'>sive</span> <span class='ocrx_word' id='word_1_9' title='bbox 1008 391 1093 485; x_wconf 80' lang='lat' dir='ltr'>pro²</span> <span class='ocrx_word' id='word_1_10' title='bbox 1123 397 1193 481; x_wconf 74' lang='lat' dir='ltr'>filio</span> <span class='ocrx_word' id='word_1_11' title='bbox 1218 398 1272 465; x_wconf 81' lang='lat' dir='ltr'>de·</span> 
     </span>
     <span class='ocr_line' id='line_1_3' title="bbox 152 499 1275 601; baseline 0.002 -29"><span class='ocrx_word' id='word_1_12' title='bbox 152 588 157 601; x_wconf 32' lang='lat'>¹</span> <span class='ocrx_word' id='word_1_13' title='bbox 179 499 299 590; x_wconf 55' lang='grc' dir='ltr'>ἵππι’</span> <span class='ocrx_word' id='word_1_14' title='bbox 313 525 433 592; x_wconf 73' lang='lat' dir='ltr'>apuam</span> <span class='ocrx_word' id='word_1_15' title='bbox 445 505 628 575; x_wconf 56' lang='lat' dir='ltr'>naamam</span> <span class='ocrx_word' id='word_1_16' title='bbox 650 505 912 575; x_wconf 71' lang='lat' dir='ltr'>in&#39;dolooousttoa</span> <span class='ocrx_word' id='word_1_17' title='bbox 925 512 955 577; x_wconf 77' lang='lat' dir='ltr'>et</span> <span class='ocrx_word' id='word_1_18' title='bbox 966 505 1093 594; x_wconf 74' lang='lat' dir='ltr'>puden</span> <span class='ocrx_word' id='word_1_19' title='bbox 1112 505 1275 574; x_wconf 75' lang='lat' dir='ltr'>columboe</span> 
     </span>
     <span class='ocr_line' id='line_1_4' title="bbox 180 610 1274 703; baseline -0.001 -21"><span class='ocrx_word' id='word_1_20' title='bbox 180 617 245 682; x_wconf 74' lang='lat' dir='ltr'>aiot</span> <span class='ocrx_word' id='word_1_21' title='bbox 267 620 420 684; x_wconf 61' lang='lat' dir='ltr'>marera</span> <span class='ocrx_word' id='word_1_22' title='bbox 440 636 502 701; x_wconf 79' lang='lat' dir='ltr'>pro</span> <span class='ocrx_word' id='word_1_23' title='bbox 519 610 683 703; x_wconf 54' lang='lat' dir='ltr'>peccarat</span> <span class='ocrx_word' id='word_1_24' title='bbox 723 615 837 700; x_wconf 76' lang='lat' dir='ltr'>,Quod</span> <span class='ocrx_word' id='word_1_25' title='bbox 859 617 894 683; x_wconf 69' lang='lat' dir='ltr'>ai</span> <span class='ocrx_word' id='word_1_26' title='bbox 906 637 970 682; x_wconf 78' lang='lat' dir='ltr'>aon</span> <span class='ocrx_word' id='word_1_27' title='bbox 990 617 1131 703; x_wconf 76' lang='lat' dir='ltr'>potuerit</span> <span class='ocrx_word' id='word_1_28' title='bbox 1152 635 1274 702; x_wconf 66' lang='lat' dir='ltr'>mm</span> 
     </span>
     <span class='ocr_line' id='line_1_5' title="bbox 181 704 1275 812; baseline 0.002 -22"><span class='ocrx_word' id='word_1_29' title='bbox 181 722 306 809; x_wconf 71' lang='lat' dir='ltr'>offerre,</span> <span class='ocrx_word' id='word_1_30' title='bbox 337 732 470 793; x_wconf 72' lang='lat' dir='ltr'>summo</span> <span class='ocrx_word' id='word_1_31' title='bbox 500 723 581 791; x_wconf 80' lang='lat' dir='ltr'>daos</span> <span class='ocrx_word' id='word_1_32' title='bbox 603 731 741 793; x_wconf 76' lang='lat' dir='ltr'>tuream</span> <span class='ocrx_word' id='word_1_33' title='bbox 767 704 816 790; x_wconf 68' lang='lat' dir='ltr'>ta</span> <span class='ocrx_word' id='word_1_34' title='bbox 847 724 927 792; x_wconf 79' lang='lat' dir='ltr'>duos</span> <span class='ocrx_word' id='word_1_35' title='bbox 954 723 1063 812; x_wconf 76' lang='lat' dir='ltr'>pullos</span> <span class='ocrx_word' id='word_1_36' title='bbox 1091 718 1275 792; x_wconf 46' lang='lat' dir='ltr'>atomo&amp;</span> 
     </span>
     <span class='ocr_line' id='line_1_6' title="bbox 180 826 1293 920; baseline 0.002 -22"><span class='ocrx_word' id='word_1_37' title='bbox 180 853 278 899; x_wconf 78' lang='lat' dir='ltr'>unum</span> <span class='ocrx_word' id='word_1_38' title='bbox 300 834 334 898; x_wconf 77' lang='lat' dir='ltr'>ia</span> <span class='ocrx_word' id='word_1_39' title='bbox 356 831 572 900; x_wconf 76' lang='lat' dir='ltr'>holocaustum</span> <span class='ocrx_word' id='word_1_40' title='bbox 602 839 631 899; x_wconf 81' lang='lat' dir='ltr'>ot</span> <span class='ocrx_word' id='word_1_41' title='bbox 660 831 796 900; x_wconf 68' lang='lat' dir='ltr'>alim</span> <span class='ocrx_word' id='word_1_42' title='bbox 819 854 885 920; x_wconf 79' lang='lat' dir='ltr'>pro</span> <span class='ocrx_word' id='word_1_43' title='bbox 898 880 901 885; x_wconf 81' lang='lat'><strong>·</strong></span> <span class='ocrx_word' id='word_1_44' title='bbox 911 841 1053 920; x_wconf 79' lang='lat' dir='ltr'>peccato,</span> <span class='ocrx_word' id='word_1_45' title='bbox 1084 826 1293 920; x_wconf 38' lang='lat' dir='ltr'>oraretque*</span> 
     </span>
    </p>
   </div>
   <div class='ocr_carea' id='block_1_3' title="bbox 44 936 1275 1026">
    <p class='ocr_par' dir='ltr' id='par_1_3' title="bbox 44 936 1275 1026">
     <span class='ocr_line' id='line_1_7' title="bbox 44 936 1275 1026; baseline 0.003 -21"><span class='ocrx_word' id='word_1_46' title='bbox 44 1013 47 1018; x_wconf 54' lang='grc'><strong>,</strong></span> <span class='ocrx_word' id='word_1_47' title='bbox 178 961 238 1026; x_wconf 80' lang='lat' dir='ltr'>pro</span> <span class='ocrx_word' id='word_1_48' title='bbox 261 961 298 1007; x_wconf 74' lang='lat' dir='ltr'>aa</span> <span class='ocrx_word' id='word_1_49' title='bbox 321 940 469 1007; x_wconf 83' lang='lat' dir='ltr'>sacerdos</span> <span class='ocrx_word' id='word_1_50' title='bbox 490 945 520 1010; x_wconf 77' lang='lat' dir='ltr'>et</span> <span class='ocrx_word' id='word_1_51' title='bbox 546 941 593 1007; x_wconf 78' lang='lat' dir='ltr'>oio</span> <span class='ocrx_word' id='word_1_52' title='bbox 614 936 867 1009; x_wconf 59' lang='lat' dir='ltr'>mundam</span> <span class='ocrx_word' id='word_1_53' title='bbox 904 938 979 1008; x_wconf 87' lang='lat' dir='ltr'>Hao</span> <span class='ocrx_word' id='word_1_54' title='bbox 1002 957 1080 1024; x_wconf 79' lang='lat' dir='ltr'>ergo</span> <span class='ocrx_word' id='word_1_55' title='bbox 1104 937 1275 1009; x_wconf 71' lang='lat' dir='ltr'>detonsa</span> 
     </span>
    </p>
   </div>
   <div class='ocr_carea' id='block_1_4' title="bbox 96 1043 1332 2214">
    <p class='ocr_par' dir='ltr' id='par_1_4' title="bbox 96 1043 1332 2214">
     <span class='ocr_line' id='line_1_8' title="bbox 138 1043 1275 1130; baseline 0.004 -17"><span class='ocrx_word' id='word_1_56' title='bbox 138 1089 141 1097; x_wconf 87' lang='lat'>-</span> <span class='ocrx_word' id='word_1_57' title='bbox 179 1050 314 1114; x_wconf 87' lang='lat' dir='ltr'>statuta</span> <span class='ocrx_word' id='word_1_58' title='bbox 331 1051 384 1113; x_wconf 90' lang='lat' dir='ltr'>est</span> <span class='ocrx_word' id='word_1_59' title='bbox 398 1045 433 1113; x_wconf 91' lang='lat' dir='ltr'>in</span> <span class='ocrx_word' id='word_1_60' title='bbox 451 1045 590 1114; x_wconf 80' lang='lat' dir='ltr'>eeclesia</span> <span class='ocrx_word' id='word_1_61' title='bbox 604 1043 774 1117; x_wconf 85' lang='lat' dir='ltr'>festivitas</span> <span class='ocrx_word' id='word_1_62' title='bbox 789 1047 882 1127; x_wconf 89' lang='lat' dir='ltr'>haeo,</span> <span class='ocrx_word' id='word_1_63' title='bbox 899 1047 977 1130; x_wconf 85' lang='lat' dir='ltr'>qnia</span> <span class='ocrx_word' id='word_1_64' title='bbox 992 1052 1134 1116; x_wconf 89' lang='lat' dir='ltr'>matrem</span> <span class='ocrx_word' id='word_1_65' title='bbox 1149 1046 1275 1117; x_wconf 89' lang='lat' dir='ltr'>domini</span> 
     </span>
     <span class='ocr_line' id='line_1_9' title="bbox 180 1151 1275 1242; baseline 0.004 -21"><span class='ocrx_word' id='word_1_66' title='bbox 180 1153 360 1222; x_wconf 83' lang='lat' dir='ltr'>seeundum</span> <span class='ocrx_word' id='word_1_67' title='bbox 382 1154 488 1238; x_wconf 80' lang='lat' dir='ltr'>legem</span> <span class='ocrx_word' id='word_1_68' title='bbox 520 1151 555 1221; x_wconf 92' lang='lat' dir='ltr'>in</span> <span class='ocrx_word' id='word_1_69' title='bbox 577 1153 641 1222; x_wconf 89' lang='lat' dir='ltr'>hao</span> <span class='ocrx_word' id='word_1_70' title='bbox 663 1153 718 1223; x_wconf 88' lang='lat' dir='ltr'>die</span> <span class='ocrx_word' id='word_1_71' title='bbox 740 1156 918 1224; x_wconf 73' lang='lat' dir='ltr'><strong>constabat</strong></span> <span class='ocrx_word' id='word_1_72' title='bbox 939 1155 1088 1242; x_wconf 66' lang='lat' dir='ltr'>purgare</span> <span class='ocrx_word' id='word_1_73' title='bbox 1123 1154 1184 1224; x_wconf 89' lang='lat' dir='ltr'>sed</span> <span class='ocrx_word' id='word_1_74' title='bbox 1206 1175 1275 1225; x_wconf 86' lang='lat' dir='ltr'>non</span> 
     </span>
     <span class='ocr_line' id='line_1_10' title="bbox 180 1247 1332 1349; baseline 0.003 -19"><span class='ocrx_word' id='word_1_75' title='bbox 180 1261 263 1342; x_wconf 90' lang='lat' dir='ltr'>ideo,</span> <span class='ocrx_word' id='word_1_76' title='bbox 289 1261 376 1344; x_wconf 87' lang='lat' dir='ltr'>quod</span> <span class='ocrx_word' id='word_1_77' title='bbox 399 1261 510 1344; x_wconf 86' lang='lat' dir='ltr'>aliqua</span> <span class='ocrx_word' id='word_1_78' title='bbox 530 1261 631 1346; x_wconf 80' lang='lat' dir='ltr'>legali</span> <span class='ocrx_word' id='word_1_79' title='bbox 645 1263 842 1348; x_wconf 79' lang='lat' dir='ltr'><strong>purgatione</strong></span> <span class='ocrx_word' id='word_1_80' title='bbox 856 1247 1045 1349; x_wconf 74' lang='lat' dir='ltr'>indiguerit,</span> <span class='ocrx_word' id='word_1_81' title='bbox 1072 1283 1158 1349; x_wconf 90' lang='lat' dir='ltr'>qnae</span> <span class='ocrx_word' id='word_1_82' title='bbox 1172 1263 1274 1333; x_wconf 91' lang='lat' dir='ltr'>domi·</span> <span class='ocrx_word' id='word_1_83' title='bbox 1329 1339 1332 1344; x_wconf 65' lang='grc'>,</span> 
     </span>
     <span class='ocr_line' id='line_1_11' title="bbox 113 1369 1274 1458; baseline 0.005 -22"><span class='ocrx_word' id='word_1_84' title='bbox 113 1414 116 1425; x_wconf 87' lang='lat'>·</span> <span class='ocrx_word' id='word_1_85' title='bbox 179 1390 258 1438; x_wconf 89' lang='lat' dir='ltr'>num</span> <span class='ocrx_word' id='word_1_86' title='bbox 274 1371 432 1455; x_wconf 77' lang='lat' dir='ltr'>gestabat</span> <span class='ocrx_word' id='word_1_87' title='bbox 446 1369 539 1455; x_wconf 82' lang='lat' dir='ltr'>legis,</span> <span class='ocrx_word' id='word_1_88' title='bbox 556 1369 616 1438; x_wconf 88' lang='lat' dir='ltr'>sed</span> <span class='ocrx_word' id='word_1_89' title='bbox 631 1369 709 1453; x_wconf 84' lang='lat' dir='ltr'>quia</span> <span class='ocrx_word' id='word_1_90' title='bbox 724 1371 749 1439; x_wconf 89' lang='lat' dir='ltr'><strong>J</strong></span> <span class='ocrx_word' id='word_1_91' title='bbox 750 1389 826 1440; x_wconf 86' lang='lat' dir='ltr'>esus</span> <span class='ocrx_word' id='word_1_92' title='bbox 842 1397 906 1440; x_wconf 80' lang='lat' dir='ltr'>non</span> <span class='ocrx_word' id='word_1_93' title='bbox 921 1378 1024 1443; x_wconf 79' lang='lat' dir='ltr'>venit·</span> <span class='ocrx_word' id='word_1_94' title='bbox 1039 1377 1135 1458; x_wconf 70' lang='lat' dir='ltr'>iopam</span> <span class='ocrx_word' id='word_1_95' title='bbox 1153 1375 1274 1443; x_wconf 75' lang='lat' dir='ltr'>solvere</span> 
     </span>
     <span class='ocr_line' id='line_1_12' title="bbox 178 1475 1274 1567; baseline 0.002 -19"><span class='ocrx_word' id='word_1_96' title='bbox 178 1483 234 1548; x_wconf 80' lang='lat' dir='ltr'>sed</span> <span class='ocrx_word' id='word_1_97' title='bbox 256 1475 459 1567; x_wconf 51' lang='lat' dir='ltr'>adimpleret</span> <span class='ocrx_word' id='word_1_98' title='bbox 506 1477 608 1547; x_wconf 86' lang='lat' dir='ltr'>Venit</span> <span class='ocrx_word' id='word_1_99' title='bbox 639 1497 718 1564; x_wconf 82' lang='lat' dir='ltr'>ergo</span> <span class='ocrx_word' id='word_1_100' title='bbox 748 1486 857 1548; x_wconf 89' lang='lat' dir='ltr'>mater</span> <span class='ocrx_word' id='word_1_101' title='bbox 886 1480 1008 1548; x_wconf 91' lang='lat' dir='ltr'>domini</span> <span class='ocrx_word' id='word_1_102' title='bbox 1039 1481 1082 1549; x_wconf 89' lang='lat' dir='ltr'>ad</span> <span class='ocrx_word' id='word_1_103' title='bbox 1112 1481 1274 1566; x_wconf 88' lang='lat' dir='ltr'>templum</span> 
     </span>
     <span class='ocr_line' id='line_1_13' title="bbox 179 1579 1272 1672; baseline 0.005 -18"><span class='ocrx_word' id='word_1_104' title='bbox 179 1586 359 1656; x_wconf 83' lang='lat' dir='ltr'>secundum</span> <span class='ocrx_word' id='word_1_105' title='bbox 369 1586 478 1672; x_wconf 82' lang='lat' dir='ltr'>legem</span> <span class='ocrx_word' id='word_1_106' title='bbox 493 1585 616 1654; x_wconf 89' lang='lat' dir='ltr'>dnoens</span> <span class='ocrx_word' id='word_1_107' title='bbox 633 1605 745 1655; x_wconf 85' lang='lat' dir='ltr'>seeum</span> <span class='ocrx_word' id='word_1_108' title='bbox 759 1579 899 1672; x_wconf 89' lang='lat' dir='ltr'>puerum</span> <span class='ocrx_word' id='word_1_109' title='bbox 911 1607 950 1656; x_wconf 87' lang='lat' dir='ltr'>ao</span> <span class='ocrx_word' id='word_1_110' title='bbox 962 1587 1116 1658; x_wconf 86' lang='lat' dir='ltr'>deferens</span> <span class='ocrx_word' id='word_1_111' title='bbox 1131 1590 1272 1672; x_wconf 86' lang='lat' dir='ltr'>hostias,</span> 
     </span>
     <span class='ocr_line' id='line_1_14' title="bbox 126 1695 1273 1794; baseline 0.003 -30"><span class='ocrx_word' id='word_1_112' title='bbox 126 1753 133 1781; x_wconf 75' lang='lat'>,</span> <span class='ocrx_word' id='word_1_113' title='bbox 180 1714 265 1778; x_wconf 89' lang='lat' dir='ltr'>quae</span> <span class='ocrx_word' id='word_1_114' title='bbox 286 1695 342 1764; x_wconf 84' lang='lat' dir='ltr'>lex</span> <span class='ocrx_word' id='word_1_115' title='bbox 364 1695 542 1779; x_wconf 75' lang='lat' dir='ltr'>praecepit,</span> <span class='ocrx_word' id='word_1_116' title='bbox 574 1700 614 1763; x_wconf 90' lang='lat' dir='ltr'>nt</span> <span class='ocrx_word' id='word_1_117' title='bbox 635 1695 671 1763; x_wconf 90' lang='lat' dir='ltr'>in</span> <span class='ocrx_word' id='word_1_118' title='bbox 693 1697 783 1764; x_wconf 85' lang='lat' dir='ltr'>nullo</span> <span class='ocrx_word' id='word_1_119' title='bbox 808 1696 960 1794; x_wconf 83' lang='lat' dir='ltr'>patribus</span> <span class='ocrx_word' id='word_1_120' title='bbox 984 1697 1080 1766; x_wconf 87' lang='lat' dir='ltr'>heret</span> <span class='ocrx_word' id='word_1_121' title='bbox 1103 1697 1273 1767; x_wconf 84' lang='lat' dir='ltr'>dissimilis</span> 
     </span>
     <span class='ocr_line' id='line_1_15' title="bbox 179 1804 1272 1891; baseline 0.001 -19"><span class='ocrx_word' id='word_1_122' title='bbox 179 1824 219 1872; x_wconf 83' lang='lat' dir='ltr'>ao</span> <span class='ocrx_word' id='word_1_123' title='bbox 247 1804 330 1872; x_wconf 84' lang='lat' dir='ltr'>illud</span> <span class='ocrx_word' id='word_1_124' title='bbox 359 1804 393 1873; x_wconf 87' lang='lat' dir='ltr'>in</span> <span class='ocrx_word' id='word_1_125' title='bbox 421 1823 462 1872; x_wconf 93' lang='lat' dir='ltr'>se</span> <span class='ocrx_word' id='word_1_126' title='bbox 492 1804 598 1888; x_wconf 85' lang='lat' dir='ltr'>prima</span> <span class='ocrx_word' id='word_1_127' title='bbox 626 1804 836 1886; x_wconf 71' lang='lat' dir='ltr'>ostenderet,</span> <span class='ocrx_word' id='word_1_128' title='bbox 867 1806 956 1889; x_wconf 86' lang='lat' dir='ltr'>qnod</span> <span class='ocrx_word' id='word_1_129' title='bbox 985 1806 1144 1891; x_wconf 84' lang='lat' dir='ltr'>seriptum</span> <span class='ocrx_word' id='word_1_130' title='bbox 1176 1807 1272 1876; x_wconf 68' lang='lat' dir='ltr'>aab:</span> 
     </span>
     <span class='ocr_line' id='line_1_16' title="bbox 96 1899 1274 2002; baseline 0.003 -21"><span class='ocrx_word' id='word_1_131' title='bbox 96 1936 100 1944; x_wconf 89' lang='lat'>·</span> <span class='ocrx_word' id='word_1_132' title='bbox 182 1917 328 1999; x_wconf 77' lang='lat' dir='ltr'>„Quanto</span> <span class='ocrx_word' id='word_1_133' title='bbox 347 1899 481 2002; x_wconf 56' lang='lat' dir='ltr'>moyseus</span> <span class='ocrx_word' id='word_1_134' title='bbox 496 1936 538 2000; x_wconf 84' lang='lat' dir='ltr'>os,</span> <span class='ocrx_word' id='word_1_135' title='bbox 561 1909 697 1983; x_wconf 66' lang='lat' dir='ltr'>baenilia</span> <span class='ocrx_word' id='word_1_136' title='bbox 711 1922 740 1983; x_wconf 82' lang='lat' dir='ltr'>te</span> <span class='ocrx_word' id='word_1_137' title='bbox 754 1920 790 1983; x_wconf 81' lang='lat' dir='ltr'>in</span> <span class='ocrx_word' id='word_1_138' title='bbox 806 1913 981 1984; x_wconf 77' lang='lat' dir='ltr'>omnibua“.</span> <span class='ocrx_word' id='word_1_139' title='bbox 1013 1913 1137 1984; x_wconf 88' lang='lat' dir='ltr'>Obvios</span> <span class='ocrx_word' id='word_1_140' title='bbox 1154 1914 1274 2001; x_wconf 79' lang='lat' dir='ltr'>habuit</span> 
     </span>
     <span class='ocr_line' id='line_1_17' title="bbox 179 2021 1274 2107; baseline 0.006 -19"><span class='ocrx_word' id='word_1_141' title='bbox 179 2021 415 2107; x_wconf 70' lang='lat' dir='ltr'>grandaevum?</span> <span class='ocrx_word' id='word_1_142' title='bbox 441 2021 626 2089; x_wconf 84' lang='lat' dir='ltr'>Simeonem</span> <span class='ocrx_word' id='word_1_143' title='bbox 663 2028 698 2089; x_wconf 91' lang='lat' dir='ltr'>et</span> <span class='ocrx_word' id='word_1_144' title='bbox 728 2022 860 2090; x_wconf 79' lang='lat' dir='ltr'>Annam</span> <span class='ocrx_word' id='word_1_145' title='bbox 895 2023 1074 2091; x_wconf 87' lang='lat' dir='ltr'>multorum</span> <span class='ocrx_word' id='word_1_146' title='bbox 1111 2043 1274 2095; x_wconf 86' lang='lat' dir='ltr'>annorum</span> 
     </span>
     <span class='ocr_line' id='line_1_18' title="bbox 180 2127 1275 2214; baseline 0.002 -16"><span class='ocrx_word' id='word_1_147' title='bbox 180 2129 314 2198; x_wconf 88' lang='lat' dir='ltr'>viduam</span> <span class='ocrx_word' id='word_1_148' title='bbox 337 2136 374 2197; x_wconf 92' lang='lat' dir='ltr'>et</span> <span class='ocrx_word' id='word_1_149' title='bbox 396 2136 526 2197; x_wconf 86' lang='lat' dir='ltr'>ceteras</span> <span class='ocrx_word' id='word_1_150' title='bbox 550 2148 718 2213; x_wconf 80' lang='lat' dir='ltr'>personas,</span> <span class='ocrx_word' id='word_1_151' title='bbox 744 2149 827 2214; x_wconf 84' lang='lat' dir='ltr'>quas</span> <span class='ocrx_word' id='word_1_152' title='bbox 851 2149 988 2199; x_wconf 84' lang='lat' dir='ltr'>necesse</span> <span class='ocrx_word' id='word_1_153' title='bbox 1013 2139 1089 2200; x_wconf 89' lang='lat' dir='ltr'>erat</span> <span class='ocrx_word' id='word_1_154' title='bbox 1099 2127 1120 2212; x_wconf 83' lang='lat'>⁷,</span> <span class='ocrx_word' id='word_1_155' title='bbox 1152 2130 1187 2198; x_wconf 92' lang='lat' dir='ltr'>in</span> <span class='ocrx_word' id='word_1_156' title='bbox 1210 2132 1275 2200; x_wconf 85' lang='lat' dir='ltr'>hoe</span> 
     </span>
    </p>
   </div>
   <div class='ocr_carea' id='block_1_5' title="bbox 65 2225 1315 2868">
    <p class='ocr_par' dir='ltr' id='par_1_5' title="bbox 65 2225 1315 2868">
     <span class='ocr_line' id='line_1_19' title="bbox 65 2225 1315 2333; baseline 0.001 -27"><span class='ocrx_word' id='word_1_157' title='bbox 65 2323 69 2333; x_wconf 31' lang='grc' dir='ltr'>Ι</span> <span class='ocrx_word' id='word_1_158' title='bbox 180 2257 274 2306; x_wconf 80' lang='lat' dir='ltr'>sacro</span> <span class='ocrx_word' id='word_1_159' title='bbox 291 2225 472 2306; x_wconf 86' lang='lat' dir='ltr'>ministerio</span> <span class='ocrx_word' id='word_1_160' title='bbox 490 2237 646 2307; x_wconf 75' lang='lat' dir='ltr'>adfuisse.</span> <span class='ocrx_word' id='word_1_161' title='bbox 666 2235 934 2307; x_wconf 79' lang='lat' dir='ltr'>Benedixerunt⁸</span> <span class='ocrx_word' id='word_1_162' title='bbox 952 2245 987 2307; x_wconf 94' lang='lat' dir='ltr'>et</span> <span class='ocrx_word' id='word_1_163' title='bbox 1001 2226 1274 2325; x_wconf 73' lang='lat' dir='ltr'>glorificaverant</span> <span class='ocrx_word' id='word_1_164' title='bbox 1311 2285 1315 2295; x_wconf 86' lang='lat'>·</span> 
     </span>
     <span class='ocr_line' id='line_1_20' title="bbox 180 2345 1273 2443; baseline 0.003 -29"><span class='ocrx_word' id='word_1_165' title='bbox 180 2346 279 2415; x_wconf 89' lang='lat' dir='ltr'>deum</span> <span class='ocrx_word' id='word_1_166' title='bbox 303 2352 338 2414; x_wconf 93' lang='lat' dir='ltr'>et</span> <span class='ocrx_word' id='word_1_167' title='bbox 360 2346 466 2416; x_wconf 86' lang='lat' dir='ltr'>molta</span> <span class='ocrx_word' id='word_1_168' title='bbox 487 2346 529 2414; x_wconf 90' lang='lat' dir='ltr'>de</span> <span class='ocrx_word' id='word_1_169' title='bbox 545 2366 582 2415; x_wconf 87' lang='lat' dir='ltr'>eo</span> <span class='ocrx_word' id='word_1_170' title='bbox 599 2345 879 2424; x_wconf 80' lang='lat' dir='ltr'>vaticinaverunt,</span> <span class='ocrx_word' id='word_1_171' title='bbox 904 2345 966 2415; x_wconf 84' lang='lat' dir='ltr'>ut⁹</span> <span class='ocrx_word' id='word_1_172' title='bbox 990 2367 1084 2416; x_wconf 88' lang='lat' dir='ltr'>saoer</span> <span class='ocrx_word' id='word_1_173' title='bbox 1109 2347 1273 2443; x_wconf 78' lang='lat' dir='ltr'>evangelii</span> 
     </span>
     <span class='ocr_line' id='line_1_21' title="bbox 181 2452 1274 2540; baseline 0.002 -18"><span class='ocrx_word' id='word_1_174' title='bbox 181 2460 302 2522; x_wconf 77' lang='lat' dir='ltr'>textus,</span> <span class='ocrx_word' id='word_1_175' title='bbox 323 2454 490 2522; x_wconf 85' lang='lat' dir='ltr'>luculento</span> <span class='ocrx_word' id='word_1_176' title='bbox 522 2473 672 2522; x_wconf 90' lang='lat' dir='ltr'>sermone</span> <span class='ocrx_word' id='word_1_177' title='bbox 702 2453 918 2522; x_wconf 89' lang='lat' dir='ltr'>demonstrat.</span> <span class='ocrx_word' id='word_1_178' title='bbox 968 2452 1018 2521; x_wconf 90' lang='lat' dir='ltr'>Ob</span> <span class='ocrx_word' id='word_1_179' title='bbox 1042 2455 1128 2522; x_wconf 90' lang='lat' dir='ltr'>hano</span> <span class='ocrx_word' id='word_1_180' title='bbox 1151 2454 1274 2540; x_wconf 88' lang='lat' dir='ltr'>quippe</span> 
     </span>
     <span class='ocr_line' id='line_1_22' title="bbox 181 2557 1273 2649; baseline 0.001 -18"><span class='ocrx_word' id='word_1_181' title='bbox 181 2581 315 2631; x_wconf 82' lang='lat' dir='ltr'>cansam</span> <span class='ocrx_word' id='word_1_182' title='bbox 348 2563 463 2631; x_wconf 90' lang='lat' dir='ltr'>eadem</span> <span class='ocrx_word' id='word_1_183' title='bbox 493 2561 664 2632; x_wconf 81' lang='lat' dir='ltr'>festivitas</span> <span class='ocrx_word' id='word_1_184' title='bbox 694 2562 855 2647; x_wconf 87' lang='lat' dir='ltr'>ypapanti</span> <span class='ocrx_word' id='word_1_185' title='bbox 867 2557 893 2598; x_wconf 88' lang='lat'>²⁰</span> <span class='ocrx_word' id='word_1_186' title='bbox 924 2568 1152 2649; x_wconf 88' lang='lat' dir='ltr'>nunoupatnr,</span> <span class='ocrx_word' id='word_1_187' title='bbox 1194 2563 1273 2646; x_wconf 88' lang='lat' dir='ltr'>qnia</span> 
     </span>
     <span class='ocr_line' id='line_1_23' title="bbox 180 2671 1273 2757; baseline 0.001 -19"><span class='ocrx_word' id='word_1_188' title='bbox 180 2672 371 2755; x_wconf 86' lang='lat' dir='ltr'>praedictae</span> <span class='ocrx_word' id='word_1_189' title='bbox 404 2692 566 2757; x_wconf 89' lang='lat' dir='ltr'>personae</span> <span class='ocrx_word' id='word_1_190' title='bbox 603 2673 647 2740; x_wconf 90' lang='lat' dir='ltr'>ad</span> <span class='ocrx_word' id='word_1_191' title='bbox 684 2672 855 2755; x_wconf 82' lang='lat' dir='ltr'>templum</span> <span class='ocrx_word' id='word_1_192' title='bbox 883 2672 1014 2740; x_wconf 91' lang='lat' dir='ltr'>obviam</span> <span class='ocrx_word' id='word_1_193' title='bbox 1050 2671 1182 2739; x_wconf 87' lang='lat' dir='ltr'>Christo</span> <span class='ocrx_word' id='word_1_194' title='bbox 1218 2673 1273 2740; x_wconf 85' lang='lat' dir='ltr'>ad·</span> 
     </span>
     <span class='ocr_line' id='line_1_24' title="bbox 80 2774 1273 2868; baseline 0 -19"><span class='ocrx_word' id='word_1_195' title='bbox 80 2836 91 2852; x_wconf 15' lang='lat' dir='ltr'>a.</span> <span class='ocrx_word' id='word_1_196' title='bbox 179 2788 346 2849; x_wconf 86' lang='lat' dir='ltr'>venerunt</span> <span class='ocrx_word' id='word_1_197' title='bbox 361 2781 482 2868; x_wconf 86' lang='lat' dir='ltr'>devoto</span> <span class='ocrx_word' id='word_1_198' title='bbox 497 2781 595 2849; x_wconf 81' lang='lat' dir='ltr'>corde</span> <span class='ocrx_word' id='word_1_199' title='bbox 608 2789 643 2849; x_wconf 91' lang='lat' dir='ltr'>et</span> <span class='ocrx_word' id='word_1_200' title='bbox 656 2780 821 2864; x_wconf 87' lang='lat' dir='ltr'>obsequio.</span> <span class='ocrx_word' id='word_1_201' title='bbox 848 2774 1042 2866; x_wconf 71' lang='lat' dir='ltr'>dnovraass</span> <span class='ocrx_word' id='word_1_202' title='bbox 1057 2781 1143 2848; x_wconf 92' lang='lat' dir='ltr'>enim</span> <span class='ocrx_word' id='word_1_203' title='bbox 1152 2800 1273 2866; x_wconf 80' lang='lat' dir='ltr'>graeco</span> 
     </span>
    </p>
   </div>
   <div class='ocr_carea' id='block_1_6' title="bbox 271 2888 822 2994">
    <p class='ocr_par' dir='ltr' id='par_1_6' title="bbox 271 2888 822 2994">
     <span class='ocr_line' id='line_1_25' title="bbox 271 2888 822 2994; baseline -0.002 -13"><span class='ocrx_word' id='word_1_204' title='bbox 271 2935 286 2967; x_wconf 83' lang='lat'><strong>·</strong></span> <span class='ocrx_word' id='word_1_205' title='bbox 307 2924 409 2981; x_wconf 64' lang='lat' dir='ltr'>nean.</span> <span class='ocrx_word' id='word_1_206' title='bbox 429 2925 463 2994; x_wconf 93' lang='lat' dir='ltr'>v,</span> <span class='ocrx_word' id='word_1_207' title='bbox 484 2888 528 2980; x_wconf 82' lang='lat' dir='ltr'>ra.</span> <span class='ocrx_word' id='word_1_208' title='bbox 565 2908 685 2980; x_wconf 70' lang='lat' dir='ltr'>inan</span> <span class='ocrx_word' id='word_1_209' title='bbox 705 2924 757 2993; x_wconf 90' lang='lat'>111,</span> <span class='ocrx_word' id='word_1_210' title='bbox 779 2924 822 2980; x_wconf 81' lang='lat' dir='ltr'>ao.</span> 
     </span>
    </p>
   </div>
   <div class='ocr_carea' id='block_1_7' title="bbox 181 3050 1272 3213">
    <p class='ocr_par' dir='ltr' id='par_1_7' title="bbox 181 3050 1272 3213">
     <span class='ocr_line' id='line_1_26' title="bbox 273 3050 1272 3123; baseline 0.001 -15"><span class='ocrx_word' id='word_1_211' title='bbox 273 3051 346 3108; x_wconf 91' lang='lat' dir='ltr'>¹om</span> <span class='ocrx_word' id='word_1_212' title='bbox 365 3052 397 3108; x_wconf 89' lang='lat' dir='ltr'>B.</span> <span class='ocrx_word' id='word_1_213' title='bbox 431 3053 504 3108; x_wconf 71' lang='lat' dir='ltr'>&#39;om</span> <span class='ocrx_word' id='word_1_214' title='bbox 523 3067 555 3108; x_wconf 84' lang='lat' dir='ltr'>oe</span> <span class='ocrx_word' id='word_1_215' title='bbox 574 3067 631 3108; x_wconf 87' lang='lat' dir='ltr'>exo.</span> <span class='ocrx_word' id='word_1_216' title='bbox 649 3052 678 3108; x_wconf 84' lang='lat' dir='ltr'>h.</span> <span class='ocrx_word' id='word_1_217' title='bbox 710 3050 868 3108; x_wconf 77' lang='lat' dir='ltr'>&#39;differret</span> <span class='ocrx_word' id='word_1_218' title='bbox 886 3051 917 3107; x_wconf 89' lang='lat' dir='ltr'>B.</span> <span class='ocrx_word' id='word_1_219' title='bbox 950 3052 1169 3107; x_wconf 82' lang='lat' dir='ltr'>‘columbarum</span> <span class='ocrx_word' id='word_1_220' title='bbox 1186 3051 1272 3123; x_wconf 71' lang='lat' dir='ltr'>Vnigc</span> 
     </span>
     <span class='ocr_line' id='line_1_27' title="bbox 181 3141 1272 3213; baseline 0 -14"><span class='ocrx_word' id='word_1_221' title='bbox 181 3143 192 3174; x_wconf 81' lang='lat'><strong>⁶</strong></span> <span class='ocrx_word' id='word_1_222' title='bbox 211 3149 323 3212; x_wconf 80' lang='lat' dir='ltr'>oretque</span> <span class='ocrx_word' id='word_1_223' title='bbox 336 3143 362 3200; x_wconf 84' lang='lat' dir='ltr'>S.</span> <span class='ocrx_word' id='word_1_224' title='bbox 389 3141 532 3213; x_wconf 74' lang='lat' dir='ltr'>‘Ypante</span> <span class='ocrx_word' id='word_1_225' title='bbox 550 3159 579 3199; x_wconf 88' lang='lat' dir='ltr'>se</span> <span class='ocrx_word' id='word_1_226' title='bbox 597 3142 672 3199; x_wconf 88' lang='lat' dir='ltr'>enim</span> <span class='ocrx_word' id='word_1_227' title='bbox 691 3157 789 3212; x_wconf 73' lang='lat' dir='ltr'>graeco</span> <span class='ocrx_word' id='word_1_228' title='bbox 806 3158 931 3198; x_wconf 87' lang='lat' dir='ltr'>sermone</span> <span class='ocrx_word' id='word_1_229' title='bbox 951 3141 1055 3198; x_wconf 82' lang='lat' dir='ltr'>dieitur</span> <span class='ocrx_word' id='word_1_230' title='bbox 1068 3142 1141 3211; x_wconf 87' lang='lat' dir='ltr'>quod</span> <span class='ocrx_word' id='word_1_231' title='bbox 1159 3142 1272 3199; x_wconf 80' lang='lat' dir='ltr'>obviare</span> 
     </span>
    </p>
   </div>
   <div class='ocr_carea' id='block_1_8' title="bbox 181 3228 1272 3304">
    <p class='ocr_par' dir='ltr' id='par_1_8' title="bbox 83 3228 1272 3304">
     <span class='ocr_line' id='line_1_28' title="bbox 181 3228 1272 3304; baseline 0.001 -15.918"><span class='ocrx_word' id='word_1_232' title='bbox 181 3232 268 3290; x_wconf 87' lang='lat' dir='ltr'>iatine</span> <span class='ocrx_word' id='word_1_233' title='bbox 286 3228 495 3304; x_wconf 81' lang='lat' dir='ltr'>interpretatur.</span> <span class='ocrx_word' id='word_1_234' title='bbox 522 3232 624 3290; x_wconf 84' lang='lat' dir='ltr'>Obnios</span> <span class='ocrx_word' id='word_1_235' title='bbox 644 3232 744 3289; x_wconf 88' lang='lat' dir='ltr'>habuit</span> <span class='ocrx_word' id='word_1_236' title='bbox 755 3232 930 3303; x_wconf 77' lang='lat' dir='ltr'>grandevum</span> <span class='ocrx_word' id='word_1_237' title='bbox 943 3232 1099 3289; x_wconf 85' lang='lat' dir='ltr'>Simeonem</span> <span class='ocrx_word' id='word_1_238' title='bbox 1120 3234 1272 3289; x_wconf 76' lang='lat' dir='ltr'>ethrinam</span> 
     </span>
    </p>
   </div>
   <div class='ocr_carea' id='block_1_9' title="bbox 180 3322 1292 3846">
    <p class='ocr_par' dir='ltr' id='par_1_9' title="bbox 180 3322 1292 3846">
     <span class='ocr_line' id='line_1_29' title="bbox 181 3322 1292 3394; baseline 0 -14"><span class='ocrx_word' id='word_1_239' title='bbox 181 3326 332 3381; x_wconf 85' lang='lat' dir='ltr'>maltorum</span> <span class='ocrx_word' id='word_1_240' title='bbox 357 3341 493 3382; x_wconf 87' lang='lat' dir='ltr'>annornm</span> <span class='ocrx_word' id='word_1_241' title='bbox 518 3325 634 3381; x_wconf 84' lang='lat' dir='ltr'>uiduam</span> <span class='ocrx_word' id='word_1_242' title='bbox 665 3330 694 3381; x_wconf 88' lang='lat' dir='ltr'>et</span> <span class='ocrx_word' id='word_1_243' title='bbox 719 3328 825 3380; x_wconf 83' lang='lat' dir='ltr'>oeteras</span> <span class='ocrx_word' id='word_1_244' title='bbox 856 3339 986 3394; x_wconf 83' lang='lat' dir='ltr'>personas</span> <span class='ocrx_word' id='word_1_245' title='bbox 1016 3322 1218 3380; x_wconf 87' lang='lat' dir='ltr'>benedixerunt</span> <span class='ocrx_word' id='word_1_246' title='bbox 1244 3332 1292 3380; x_wconf 92' lang='lat' dir='ltr'>et-</span> 
     </span>
     <span class='ocr_line' id='line_1_30' title="bbox 181 3413 1272 3485; baseline 0 -15"><span class='ocrx_word' id='word_1_247' title='bbox 181 3415 409 3485; x_wconf 79' lang='lat' dir='ltr'>glorificaverunt</span> <span class='ocrx_word' id='word_1_248' title='bbox 442 3416 534 3472; x_wconf 88' lang='lat' dir='ltr'>deam.</span> <span class='ocrx_word' id='word_1_249' title='bbox 579 3415 620 3472; x_wconf 89' lang='lat' dir='ltr'>Ob</span> <span class='ocrx_word' id='word_1_250' title='bbox 646 3416 719 3470; x_wconf 88' lang='lat' dir='ltr'>hano</span> <span class='ocrx_word' id='word_1_251' title='bbox 742 3414 844 3484; x_wconf 86' lang='lat' dir='ltr'>qnippe</span> <span class='ocrx_word' id='word_1_252' title='bbox 870 3429 982 3469; x_wconf 84' lang='lat' dir='ltr'>oausam</span> <span class='ocrx_word' id='word_1_253' title='bbox 1007 3414 1101 3470; x_wconf 88' lang='lat' dir='ltr'>eadem</span> <span class='ocrx_word' id='word_1_254' title='bbox 1127 3413 1272 3470; x_wconf 75' lang='lat' dir='ltr'>festivitas</span> 
     </span>
     <span class='ocr_line' id='line_1_31' title="bbox 180 3502 1272 3575; baseline 0.001 -15"><span class='ocrx_word' id='word_1_255' title='bbox 180 3505 317 3575; x_wconf 86' lang='lat' dir='ltr'>ypapanti</span> <span class='ocrx_word' id='word_1_256' title='bbox 336 3511 527 3575; x_wconf 76' lang='lat' dir='ltr'>nuncupatur,</span> <span class='ocrx_word' id='word_1_257' title='bbox 549 3505 636 3561; x_wconf 85' lang='lat' dir='ltr'>etsie</span> <span class='ocrx_word' id='word_1_258' title='bbox 655 3507 703 3560; x_wconf 89' lang='lat' dir='ltr'>fin.</span> <span class='ocrx_word' id='word_1_259' title='bbox 723 3521 782 3574; x_wconf 86' lang='lat' dir='ltr'>oap.</span> <span class='ocrx_word' id='word_1_260' title='bbox 796 3504 827 3560; x_wconf 93' lang='lat' dir='ltr'>B.</span> <span class='ocrx_word' id='word_1_261' title='bbox 857 3502 868 3535; x_wconf 86' lang='lat'>⁷</span> <span class='ocrx_word' id='word_1_262' title='bbox 887 3520 954 3573; x_wconf 85' lang='lat' dir='ltr'>quas</span> <span class='ocrx_word' id='word_1_263' title='bbox 973 3519 1082 3560; x_wconf 84' lang='lat' dir='ltr'>neeesse</span> <span class='ocrx_word' id='word_1_264' title='bbox 1101 3509 1162 3559; x_wconf 86' lang='lat' dir='ltr'>erat</span> <span class='ocrx_word' id='word_1_265' title='bbox 1181 3520 1226 3560; x_wconf 91' lang='lat' dir='ltr'>om</span> <span class='ocrx_word' id='word_1_266' title='bbox 1241 3520 1272 3561; x_wconf 89' lang='lat' dir='ltr'>oe</span> 
     </span>
     <span class='ocr_line' id='line_1_32' title="bbox 181 3589 1271 3666; baseline -0.003 -15"><span class='ocrx_word' id='word_1_267' title='bbox 181 3611 238 3651; x_wconf 85' lang='lat' dir='ltr'>exo.</span> <span class='ocrx_word' id='word_1_268' title='bbox 257 3596 284 3650; x_wconf 93' lang='lat' dir='ltr'>h.</span> <span class='ocrx_word' id='word_1_269' title='bbox 329 3594 433 3664; x_wconf 81' lang='lat' dir='ltr'>⁸qnae</span> <span class='ocrx_word' id='word_1_270' title='bbox 456 3595 657 3652; x_wconf 86' lang='lat' dir='ltr'>benedixerunt</span> <span class='ocrx_word' id='word_1_271' title='bbox 680 3611 718 3651; x_wconf 92' lang='lat' dir='ltr'>oe.</span> <span class='ocrx_word' id='word_1_272' title='bbox 764 3593 843 3650; x_wconf 78' lang='lat' dir='ltr'>⁹om</span> <span class='ocrx_word' id='word_1_273' title='bbox 864 3610 895 3651; x_wconf 88' lang='lat' dir='ltr'>oe</span> <span class='ocrx_word' id='word_1_274' title='bbox 919 3611 975 3650; x_wconf 79' lang='lat' dir='ltr'>ero.</span> <span class='ocrx_word' id='word_1_275' title='bbox 996 3595 1022 3648; x_wconf 94' lang='lat' dir='ltr'>h.</span> <span class='ocrx_word' id='word_1_276' title='bbox 1068 3593 1089 3625; x_wconf 88' lang='lat'>¹⁰</span> <span class='ocrx_word' id='word_1_277' title='bbox 1109 3589 1218 3666; x_wconf 70' lang='grc' dir='ltr'><em>ὕπαντη</em></span> <span class='ocrx_word' id='word_1_278' title='bbox 1239 3595 1271 3658; x_wconf 87' lang='lat' dir='ltr'>h;</span> 
     </span>
     <span class='ocr_line' id='line_1_33' title="bbox 181 3683 1272 3756; baseline -0.003 -16"><span class='ocrx_word' id='word_1_279' title='bbox 181 3686 300 3756; x_wconf 84' lang='lat' dir='ltr'>hypanti</span> <span class='ocrx_word' id='word_1_280' title='bbox 319 3687 371 3755; x_wconf 91' lang='lat' dir='ltr'>ph;</span> <span class='ocrx_word' id='word_1_281' title='bbox 398 3685 523 3755; x_wconf 83' lang='lat' dir='ltr'>hypante</span> <span class='ocrx_word' id='word_1_282' title='bbox 542 3701 582 3742; x_wconf 86' lang='lat' dir='ltr'>ae.</span> <span class='ocrx_word' id='word_1_283' title='bbox 614 3690 749 3756; x_wconf 85' lang='lat' dir='ltr'>ypantese</span> <span class='ocrx_word' id='word_1_284' title='bbox 768 3684 832 3740; x_wconf 86' lang='lat' dir='ltr'><strong>PP¹.</strong></span> <span class='ocrx_word' id='word_1_285' title='bbox 880 3684 902 3716; x_wconf 89' lang='lat'>¹¹</span> <span class='ocrx_word' id='word_1_286' title='bbox 921 3685 1043 3753; x_wconf 82' lang='lat' dir='ltr'>hypante</span> <span class='ocrx_word' id='word_1_287' title='bbox 1061 3683 1091 3750; x_wconf 84' lang='lat' dir='ltr'>(i)</span> <span class='ocrx_word' id='word_1_288' title='bbox 1109 3683 1188 3750; x_wconf 67' lang='lat' dir='ltr'>diiv,</span> <span class='ocrx_word' id='word_1_289' title='bbox 1207 3700 1272 3754; x_wconf 82' lang='lat' dir='ltr'>ypa-</span> 
     </span>
     <span class='ocr_line' id='line_1_34' title="bbox 181 3776 1287 3846; baseline 0.001 -15"><span class='ocrx_word' id='word_1_290' title='bbox 181 3776 276 3846; x_wconf 87' lang='lat' dir='ltr'>pantis</span> <span class='ocrx_word' id='word_1_291' title='bbox 295 3776 320 3832; x_wconf 80' lang='lat' dir='ltr'>S.</span> <span class='ocrx_word' id='word_1_292' title='bbox 362 3833 365 3838; x_wconf 81' lang='grc'><em>,</em></span> <span class='ocrx_word' id='word_1_293' title='bbox 1284 3802 1287 3808; x_wconf 94' lang='grc'><em>·</em></span> 
     </span>
    </p>
   </div>
   <div class='ocr_carea' id='block_1_10' title="bbox 0 0 1376 4456">
    <p class='ocr_par' dir='ltr' id='par_1_10' title="bbox 0 0 1376 4456">
     <span class='ocr_line' id='line_1_35' title="bbox 0 0 1376 4456; baseline 0 0"><span class='ocrx_word' id='word_1_294' title='bbox 0 0 1376 4456; x_wconf 95' lang='lat' dir='ltr'> </span> 
     </span>
    </p>
   </div>
  </div>
 </body>
</html>
