2744 4456
587 229 813 295 ..95-

156 428 217 512 fine
246 428 412 495 retinenda
440 434 535 508 surit;
556 421 613 494 et¹
642 426 692 492 ite
719 427 923 516 inchoantur,
954 420 1243 514 quantumcunque*

155 538 346 624 proficimus,
363 542 518 621 asperetur
533 537 567 601 in
582 534 671 603 nobis
680 561 692 617 ,·
711 529 876 623 persecta³
890 557 974 620 vero,
997 532 1102 622 qoem
1124 539 1159 602 in
1174 536 1241 604 olio

157 649 221 714 oita
242 645 436 732 sperandam
459 653 512 726 est,
536 665 656 730 semper
668 644 922 732 possidebuntur.
959 645 1052 728 Quod
1073 666 1146 712 vero
1162 645 1244 713 diei·

155 762 260 821 mns⁸:
277 754 408 836 ,Panem
422 759 567 822 nostram
577 740 772 821 cotidianam
786 754 832 821 'da
847 752 937 820 nobis
951 753 1043 849 hodie
1058 762 1086 820 et
1101 747 1242 823 nonani

156 863 242 929 notis
272 861 378 930 debito
409 868 538 946 nostra,
572 865 652 929 siout
684 870 713 928 et
743 884 801 929 nas
832 862 1018 944 dimittimus
1049 861 1241 931 debitoribus

157 973 281 1056 nostres,
305 979 334 1038 et
357 993 395 1037 ne
417 965 560 1053 inferas⁶
582 992 641 1063 nos
664 973 698 1036 in
718 973 928 1057 testationem,
952 971 1008 1039 sed
1023 970 1123 1038 libero
1145 992 1203 1039 nos
1218 992 1241 1039 a

157 1077 259 1163 inalo‘,
284 1083 354 1166 quis
376 1102 440 1146 non
462 1081 567 1147 videat
590 1080 829 1166 adpraesentis
844 1083 926 1148 vitoe
941 1080 1148 1166 indiperstiam
1166 1101 1243 1171 per-

156 1190 275 1256 tinere?
297 1189 339 1256 In
354 1188 414 1255 iiia
428 1182 550 1274 itaone⁷
566 1192 632 1255 vita
646 1195 784 1271 aeterna,
800 1188 854 1255 nbi
868 1209 926 1254 nos
935 1184 1105 1275 speramns
1114 1189 1242 1276 ‘semper

136 1321 138 1325 ¹
154 1297 290 1380 feturas,
307 1306 336 1363 et
346 1299 482 1364 nominis
497 1298 549 1364 dei
563 1296 771 1381 sanctificatio
784 1303 813 1364 et
828 1303 959 1381 repniem
973 1299 1039 1364 eins
1055 1306 1083 1363 et
1098 1297 1244 1366 noluntas

154 1409 218 1474 eins
240 1410 277 1472 in
298 1413 406 1474 nostro
429 1397 546 1492 spirita
567 1412 742 1492 etcorpore
763 1405 899 1492 perfecte
922 1413 1014 1494 atque
1027 1405 1242 1476 innormen
1328 1434 1331 1441 ·

152 1515 386 1601 permanebunt.
430 1514 531 1582 Panis
554 1536 626 1581 nero
650 1515 828 1581 cotidianas
850 1515 920 1581 ideo
944 1515 1046 1581 dietus
1069 1508 1143 1598 est⁸,
1166 1518 1268 1601 qnia¹

152 1610 269 1691 nte'est
291 1626 493 1705 necessariis,
511 1625 652 1708 'quantus
670 1625 796 1690 animae
814 1625 963 1708 cornipes
978 1623 1162 1690 tribuendus
1185 1631 1245 1709 eo,-

83 1809 86 1814 ,
152 1735 215 1799 sive
237 1731 426 1820 spiritaliter
456 1735 519 1799 siae
549 1731 758 1818 corporaliter
788 1735 851 1799 siae
880 1725 1011 1818 atroque
1027 1725 1241 1818 'inteliepatnr

152 1841 253 1909 modo.
301 1840 365 1907 Hic
392 1850 439 1907 est
468 1843 579 1924 etiarn,
608 1861 703 1926 quarn
733 1843 902 1926 poscimus
919 1843 1078 1923 remissio,
1110 1841 1164 1907 ar
1195 1847 1240 1910 en

154 1943 275 2016 omnis⁹
298 1942 505 2016 emnmsssio²⁰
521 1957 751 2041 peccatoram.¹
773 1949 837 2016 His
860 1950 1053 2033 tentationes,
1077 1970 1155 2035 qaae
1178 1971 1237 2017 nos

153 2058 197 2123 ari
211 2059 404 2140 peccandum
418 2056 465 2124 oei
480 2057 635 2126 adiminnt
645 2057 693 2123 oei
709 2056 889 2144 impellunt·
904 2057 955 2124 iria
967 2057 1097 2143 dentone
1112 2058 1240 2143 motura,

93 2235 99 2247 ,
153 2147 235 2233 ande
258 2169 399 2254 cupimus
422 2165 571 2248 literari,·
593 2164 660 2232 iiiia
683 2175 788 2233 antem
810 2165 890 2232 ntia
905 2166 1095 2244 irornnest.
1131 2166 1239 2234 ans·

151 2274 264 2360 qesta
292 2296 364 2341 nero
396 2271 522 2347 Lucasb
551 2277 587 2340 in
619 2277 762 2342 oratione
792 2276 952 2342 dominica
981 2277 1146 2361 petitiones
1167 2271 1245 2342 non

151 2389 274 2469 septem,
297 2383 353 2449 sed
375 2385 509 2469 quinque
531 2383 710 2470 complexus
732 2391 787 2466 est,
810 2403 865 2449 nes
887 2383 927 2451 ab
950 2387 1021 2470 ipso
1043 2387 1149 2470 retrone
1173 2384 1240 2452 dis·

150 2493 297 2578 srepaoit,
322 2492 377 2558 sed
399 2492 553 2577 qnonnodo
576 2493 639 2558 ista
661 2499 776 2579 septem
795 2499 868 2559 sant
892 2492 1108 2577 inteltepemia,
1131 2488 1240 2579 ipsan

151 2592 245 2667 sna²²
267 2600 415 2667 brevitate
437 2603 632 2666 commonuit.
664 2600 784 2667 Nomen
809 2603 923 2687 qm'ppe
950 2601 1001 2666 dei
1022 2601 1241 2685 santificatur
1288 2658 1291 2669 .

152 2710 185 2775 in
200 2710 327 2793 spiritu,
343 2709 394 2775 dei
408 2715 512 2776 antem
526 2730 659 2794 rspnnm
671 2711 704 2774 in
719 2711 826 2776 carnis
841 2711 1241 2777 eminentissimarum
1367 2705 1370 2712 ’

152 2826 204 2884 est.
263 2819 433 2885 Ostendens
463 2811 572 2903 erpo²³
603 2816 709 2884 Lucas
739 2820 864 2917 tertiam
891 2811 1071 2905 petitionem
1101 2819 1240 2886 sinonem

151 2928 349 3013 superiorum
369 2947 434 2992 esse
449 2927 679 3012 quodammodo
696 2929 917 3014 repetitionem,
939 2929 1042 3012 mapis
1057 2947 1126 2993 eam
1146 2948 1240 3013 prae·

150 3035 299 3102 mittendo
323 3035 398 3119 feeit
420 3035 563 3120 intsttepi.
598 3035 722 3102 Deinde
745 3044 807 3103 tres
819 3036 906 3102 aiios
929 3035 1086 3122 adinnpit·
1099 3037 1137 3102 de
1154 3057 1244 3123 pane

151 3145 321 3228 iotidiano,
346 3144 384 3210 de
406 3146 587 3212 remissione
607 3155 817 3231 peccatorum,
842 3146 880 3211 de
903 3148 1070 3230 tentatione
1092 3145 1235 3212 noento.
1328 3143 1331 3149 ’

243 3388 257 3418 ι
280 3376 382 3431 Masei.
402 3374 451 3443 vi,
472 3377 513 3432 n
551 3377 652 3432 etue.
673 3375 722 3444 x1,
743 3375 822 3430 2-4.

244 3538 342 3608 ¹qnse
361 3539 406 3595 hic
425 3539 535 3609 quidem
555 3555 599 3603 oe;
621 3540 757 3609 quod'hic
777 3538 890 3608 quidem
907 3538 972 3594 1³1³&
1004 3536 1062 3595 'st
1080 3545 1240 3608 quoniame.
1268 3531 1272 3539 '
1320 3552 1327 3565 ·

150 3629 248 3686 PP¹oe.
276 3628 287 3661 ⁸
300 3633 421 3700 perietis
434 3646 472 3686 os.
495 3630 507 3662 ⁴
519 3631 585 3699 quis
597 3630 624 3685 S.
653 3629 664 3662 ⁸
677 3631 790 3686 dimitte
802 3647 841 3686 oe.
871 3629 1009 3686 ‘indutas
1022 3629 1098 3686 Bsds
1110 3636 1140 3686 st
1151 3629 1237 3701 Vulg.

151 3718 162 3750 ²
180 3720 278 3790 utique
290 3736 321 3777 os
334 3733 390 3777 exo.
405 3721 470 3791 hph.
507 3719 518 3753 ⁸
537 3737 580 3777 om
594 3737 626 3777 os
637 3737 695 3776 sxa.
709 3721 735 3776 h.
771 3719 783 3752 ⁹
802 3722 879 3778 deest
891 3721 988 3780 Bois·
1012 3719 1035 3753 ¹⁰
1053 3720 1179 3777 remissio
1197 3718 1239 3776 1³¹.

153 3809 174 3843 ¹¹
193 3810 253 3881 ipss
272 3828 304 3868 oe
322 3828 378 3867 exc.
399 3812 445 3882 ph.
486 3809 508 3842 ¹¹
525 3795 577 3867 sui)
595 3812 622 3866 h.
662 3810 684 3843 ¹⁸
702 3818 796 3867 sutem
816 3811 846 3867 P.
916 3834 924 3847 ·
1237 3793 1240 3801 ’
