2744 4456
554 245 801 312 -225-

137 410 296 518 Clemens
314 425 473 506 Paulinus
491 444 525 505 et
542 438 751 506 Fortunatus
768 444 803 506 et
818 439 922 506 ceteri
934 438 1038 506 multi„
1064 438 1225 507 Poemata
1340 423 1342 426 ⁵

135 555 247 614 autem
272 553 307 614 et
329 547 429 613 libros
453 545 625 630 gentilium
650 548 678 614 si
701 547 840 615 velimus
864 553 1001 630 propter
1022 546 1137 615 florem
1162 548 1225 616 ela

136 654 292 736 quentiae
320 656 441 740 legere,
476 661 577 738 typus
610 656 756 724 mulieris
787 655 941 738 captivae
972 656 1136 724 tenendus
1161 661 1223 737 est

136 781 234 844 quam
251 763 368 831 Deut·
391 762 566 831 describit:
594 770 629 830 et
652 763 817 830 dominum
840 763 889 830 ita
912 764 1120 849 praecepisse
1143 783 1225 832 com·

136 877 306 951 memorat,
339 878 378 938 ut
408 871 436 938 si
466 871 661 938 Israhelites
693 891 764 939 eam
793 873 916 938 habere
943 871 1048 940 velit¹
1078 859 1240 954 urionem,⁴

137 979 306 1048 calvitium
339 979 368 1046 ei
400 977 511 1059 faciat,
545 999 672 1064 ungues
700 986 881 1063 praesecet,
914 979 997 1063 pilos
1028 979 1161 1048 auferat
1191 986 1227 1049 et

137 1107 210 1155 cum
234 1087 355 1154 munda
379 1086 481 1156 fuerit
506 1087 632 1167 effecta,
665 1094 746 1157 tunc
769 1095 922 1155 transeat
943 1088 978 1155 in
1001 1088 1137 1157 victoris
1160 1108 1226 1156 am·

137 1197 262 1278 plexus.
314 1195 408 1263 Haec
438 1195 466 1262 si
497 1197 674 1264 secundum
705 1196 836 1264 literam
865 1197 1088 1281 intellegimus
1118 1216 1227 1265 nonne

137 1303 274 1371 ridicula
297 1304 399 1370 sunt?
438 1303 575 1387 ltaques
608 1311 642 1372 et
672 1324 731 1372 nos
755 1306 817 1372 hoc
839 1304 950 1373 facere
981 1305 1123 1373 solemus
1153 1306 1226 1374 hcc

138 1431 201 1494 que
233 1411 344 1480 facere
376 1413 548 1492 debemuS,
588 1415 717 1495 quando
750 1420 867 1498 poetas
899 1413 1041 1498 gentiles
1075 1414 1224 1499 legimus,

138 1520 267 1602 quando
282 1519 317 1587 in
332 1539 449 1587 manus
466 1527 598 1588 nostras
614 1522 689 1589 libri
705 1522 843 1590 veniunt
860 1522 1043 1605 sapientiae
1057 1522 1225 1602 secularis,

139 1628 166 1694 si
189 1628 267 1710 quid
290 1628 325 1694 in
350 1628 397 1696 eis
422 1628 504 1697 utile
527 1631 719 1713 reperimus,
752 1631 794 1697 ad
826 1637 976 1698 nostrum
1007 1630 1126 1715 dogma
1155 1649 1227 1698 con·

138 1735 309 1816 vertimus,
343 1736 371 1802 si
401 1737 480 1819 quid
501 1757 580 1807 vero
609 1738 811 1821 superfluum
841 1738 882 1807 de
904 1738 1009 1818 idolis,
1040 1739 1081 1807 de
1104 1757 1225 1819 amore,

139 1843 181 1910 de
204 1862 283 1911 cura
307 1845 503 1913 secularium
527 1865 646 1926 rerum,
673 1847 756 1914 haec
771 1842 956 1926 'radimus²‚
982 1846 1033 1914 his
1057 1846 1228 1916 calvitium

138 1951 339 2031 inducamus
373 1953 455 2020 haec
477 1954 511 2020 in
535 1955 693 2038 unguium
724 1975 814 2021 more
845 1953 932 2022 ferro
961 1955 1151 2023 acutissimo
1175 1955 1227 2023 de

140 2078 296 2127 secemus.
341 2060 415 2128 Hoc
438 2067 549 2129 tamen
573 2082 654 2145 prae
678 2063 827 2130 omuibus
851 2082 971 2132 cavere
993 2063 1160 2143 debemus,
1185 2082 1228 2132 ne

139 2169 221 2236 haec
244 2168 377 2236 licentia
400 2177 516 2237 nostra
540 2170 768 2238 offendiculum
787 2172 849 2238 fiat
863 2171 1010 2253 infirmis,
1035 2191 1078 2240 ne
1100 2179 1225 2257 pereat

139 2276 194 2358 qui
217 2275 366 2343 infirmus
391 2277 499 2345 estin
523 2278 662 2346 scientia
684 2287 800 2346 nostra
827 2279 942 2361 irater,
972 2288 1109 2364 propter
1131 2300 1228 2364 quem

140 2382 293 2451 Christus
305 2392 455 2453 mortuus
473 2392 534 2466 est,
553 2386 581 2454 si
593 2387 717 2456 viderit
730 2388 764 2455 in
780 2386 899 2455 idoli0³
910 2408 970 2456 nos
986 2390 1226 2458 recumbentes.

604 2620 682 2705 Cap.
710 2626 761 2690 19.

504 2782 567 2849 DE
590 2782 863 2851 RHETORJCA.

234 2948 422 3032 „Rhetorice
455 2955 515 3032 oct,
549 2953 627 3015 uiae
660 2953 806 3032 magistri
839 2951 987 3032 tradunt,
1019 2950 1229 3016 salalarium

141 3055 305 3122 literatum
328 3055 401 3122 berae
425 3056 549 3122 decadi
571 3059 702 3124 scicntia
725 3056 916 3124 incivilitate
940 3054 1190 3143 grennionibus?
1203 3056 1228 3125 ι’.

142 3160 206 3228 Sed
229 3161 311 3229 haec
326 3161 473 3230 definitio
496 3161 576 3230 licet
590 3164 632 3230 ad
649 3163 848 3230 mundanam
865 3163 1061 3247 sapientiam
1075 3162 1231 3232 videatur
1306 3226 1309 3231 .

141 3270 317 3353 pertinere,
350 3277 461 3338 tamen
486 3289 550 3338 uon
575 3278 629 3338 est
657 3278 816 3338 extranea
847 3273 889 3338 ab
921 3272 1145 3340 ecclesiastica
1167 3272 1229 3340 dis

141 3377 268 3460 ciplina.
310 3376 469 3461 Quicquid
491 3379 576 3446 enim
592 3386 706 3446 oratur
722 3387 757 3446 et
776 3379 985 3463 praedicatur
999 3379 1132 3449 divinae
1146 3380 1230 3466 legis

141 3485 265 3553 diserte
289 3492 325 3552 et
347 3486 504 3554 decenter
518 3487 647 3571 profert
669 3487 703 3554 in
719 3487 872 3566 docendo,
899 3488 953 3557 vel
975 3489 1127 3572 quicquid
1151 3496 1230 3572 apte

232 3679 246 3708 ⁸
263 3665 373 3722 Denter.
395 3665 470 3732 m,
493 3668 523 3720 11
546 3682 601 3735 sqq.
640 3665 797 3722 bonnet.
818 3667 835 3721 l.
856 3683 877 3721 c.
899 3683 939 3737 cp.
954 3667 979 3722 2.

236 3809 349 3866 ¹rellet
368 3825 407 3866 ce.
447 3807 607 3866 'redamus
626 3826 666 3866 ce.
704 3808 809 3867 ⁸delia
828 3811 875 3880 plu

202 3918 371 3970 unomen.
388 3920 444 3961 aar».
460 3919 533 3961 uem.
550 3919 578 3960 c·
592 3920 667 3961 tuat.
683 3920 760 3961 ome.
1085 3901 1119 3956 lt
