2744 4456
592 308 637 319 -
684 247 840 342 273'-

171 471 283 538 radice
306 475 517 554 generantur,
543 470 577 536 in
601 489 665 538 uno
691 470 836 538 eiusdem
859 470 979 537 raniieis
997 470 1112 554 stipite
1127 469 1261 538 frondes

171 579 382 663 pulcherrimi
417 586 603 664 gestantur.
653 577 739 646 Sunt
774 584 809 646 et
845 599 863 646 e
901 579 1066 647 contrario
1100 567 1135 646 in
1170 577 1261 647 vitiis

172 687 333 770 quaedam
349 687 518 755 virulenta
533 687 691 771 germine,
709 688 751 754 de
766 686 885 770 quibus
897 687 1001 755 omnis
1013 687 1070 755 illa
1083 687 1261 756 multitudo

171 795 332 881 pestifera
359 795 580 884 nequitiarum
611 800 800 879 generatur,
834 802 869 863 et
899 795 986 863 siout
1013 794 1048 863 in
1078 795 1261 865 virtutibus

169 905 257 972 aliae
289 924 329 972 ex
359 904 432 972 aliis
470 903 653 988 procedunt
691 904 786 986 qnasi
824 922 865 970 ex
899 904 1121 988 genetricibus
1151 905 1261 989 proles

170 1010 377 1098 speciosae¹,
411 1012 458 1079 sie
489 1012 588 1079 etin
618 1011 693 1079 istis
724 1011 885 1094 quaedam
916 1013 1010 1094 quasi
1041 1013 1262 1095 nequissimae

169 1121 299 1189 soboles
339 1140 378 1188 ex
410 1120 629 1203 spurcissimis
658 1120 821 1187 matribus
852 1120 1025 1203 prodeunt.
1085 1119 1150 1187 Seri
1183 1121 1261 1203 quia

169 1248 244 1297 enm
268 1228 450 1296 virtutibus
474 1228 630 1296 vitiorum
662 1229 819 1296 diuturna
850 1233 929 1295 sunt
957 1228 1053 1307 bella,
1086 1228 1261 1312 utriusque
1309 1310 1313 1319 Ι

169 1334 330 1405 militiae²
360 1339 417 1420 qui
448 1345 527 1405 sunt
560 1338 677 1416 dueeS,
717 1337 837 1420 quique
871 1356 983 1404 eorum
1014 1336 1083 1404 sint
1109 1337 1258 1418 comites,

170 1438 359 1528 specialiter
392 1455 553 1529 qnantum
588 1464 764 1530 possumus
803 1463 1012 1529 exponemus
1051 1445 1101 1512 ita
1136 1453 1257 1527 tamen,

168 1560 209 1621 ut
240 1551 348 1637 quae³
376 1555 484 1622 virtus
516 1574 589 1622 cum
620 1574 684 1637 qno
714 1553 796 1621 vitio
827 1553 958 1636 proprie
988 1571 1132 1636 pugnam
1162 1558 1261 1637 gerat

169 1662 297 1746 pariter
327 1664 548 1731 ostendamus.
604 1663 675 1730 Nec
706 1662 790 1730 enim
821 1662 920 1729 aliter
949 1681 1123 1745 possumus
1153 1662 1259 1747 ignita

168 1771 325 1839 vitiorum
347 1771 455 1839 iacula
468 1772 630 1850 devitare,
655 1771 719 1838 nisi
735 1771 875 1838 sciamus
892 1777 1077 1854 opportuna
1095 1770 1259 1840 virtutum

168 1879 316 1965 tegmina
345 1880 410 1946 illis
441 1898 620 1964 opponere,
653 1886 693 1947 ut
724 1899 763 1946 ex
794 1879 875 1962 ipsis
906 1877 1034 1946 defensi
1065 1886 1258 1961 protervum

167 1988 260 2056 illum
292 1981 471 2066 exereitum
505 1988 601 2055 simul
631 2008 702 2056 eum
739 1988 808 2055 eius
839 1987 977 2055 ducibus
1002 1986 1133 2054 Christo
1159 2007 1259 2071 super

168 2115 229 2164 nos
252 2105 415 2181 regnante
437 2097 600 2181 possimus
625 2116 791 2180 superare.

260 2208 472 2289 „Teneone
500 2212 614 2294 qurppe
645 2211 732 2289 vitio,
764 2229 842 2293 quae
877 2190 1029 2273 invenibile*
1058 2215 1170 2274 eontra
1200 2229 1258 2274 nos

161 2315 287 2404 proelio
304 2319 450 2403 repnente'
464 2337 559 2402 super
573 2337 605 2382 se
618 2315 781 2402 superbiae
797 2315 946 2396 uolitant,
963 2314 1031 2380 aliu
1045 2336 1132 2381 more
1143 2316 1258 2381 ducum

161 2432 327 2512 preren,
344 2425 411 2492 ulia
427 2445 513 2490 more
528 2428 680 2490 wernero
697 2423 934 2508 subsequuntur.
970 2422 1035 2490 Nee
1050 2426 1132 2489 enine
1146 2423 1258 2511 eulpae

168 2554 273 2600 munes
282 2514 361 2619 pori
376 2554 499 2600 oeeeuu
514 2553 570 2598 eor
586 2540 749 2619 occupent,
764 2533 820 2599 aed
832 2532 908 2597 dum
922 2534 1057 2598 maiores
1074 2541 1102 2597 et
1111 2527 1257 2618 peueee‘

135 2641 336 2727 meylem
358 2648 487 2709 mentem
515 2644 733 2726 praeveniunt,
764 2644 900 2706 uniuersa
924 2633 973 2706 et⁶
1006 2643 1189 2708 innumerae
1212 2637 1270 2707 ud'

166 2749 257 2816 illene
278 2771 312 2817 ee
333 2730 515 2816 eeuroan'm
538 2751 689 2833 fundunt.
719 2749 796 2835 Ipse
821 2770 953 2834 nemque
975 2750 1123 2815 viuorren
1145 2751 1256 2833 rupina

164 2858 323 2945 euprepia,
347 2877 417 2924 cum
441 2859 593 2926 martum
616 2880 670 2923 eor
685 2858 774 2943 plene
792 2860 917 2943 ceperit,
941 2878 1015 2923 mox
1038 2854 1120 2922 illud
1142 2866 1254 2945 septem
1350 2916 1365 2926 ..

164 2965 395 3053 principalibus
405 2968 498 3046 vitiis,
511 2965 801 3051 quasiquibusdam
810 2968 875 3032 suia
886 2964 1016 3031 ducibus
1027 2965 1255 3034 devastandum

163 3069 305 3157 trahit⁶,
331 3096 408 3160 prees
431 3074 571 3142 uidelicet
595 3073 688 3140 duces
711 3076 862 3139 exercitur
885 3076 1034 3159 sequitur,
1059 3077 1135 3159 quia
1150 3095 1188 3140 a
1211 3078 1255 3141 eie

163 3182 277 3271 proced
307 3183 402 3250 dubio
426 3187 625 3269 importunae
657 3185 803 3250 uitiorum
834 3181 1049 3249 multitudines
1073 3178 1257 3250 oriuntur.“

160 3291 299 3378 „Redin
322 3296 435 3378 quippe
459 3295 560 3360 cuncti
582 3290 662 3358 ntuli
684 3291 830 3376 nepertia
855 3298 908 3374 eet,
941 3291 979 3356 de
1009 3312 1072 3376 pue
1093 3293 1255 3378 arrepturo
1345 3310 1346 3315 ’

256 3516 270 3546 ⁸
299 3503 405 3574 Gregor
431 3504 547 3559 Moraiia
566 3503 658 3559 XXXI
684 3519 706 3559 c.
726 3504 761 3558 45
788 3503 830 3558 ed.
849 3502 937 3557 Maur.
964 3502 1049 3557 Paris
1072 3502 1143 3558 1705
1172 3507 1192 3558 t
1214 3501 1252 3569 11,

162 3594 214 3652 eoi
232 3595 309 3650 1035.

256 3757 424 3827 ¹pretiosae
445 3773 484 3825 oe,
504 3756 619 3825 speciosi
633 3756 697 3811 PP¹.
732 3754 886 3812 'malitiae
900 3772 938 3812 oe.
968 3754 1078 3824 ’etque
1091 3755 1116 3811 S.
1146 3755 1251 3825 ‘pauci

162 3845 228 3903 Pet
270 3847 343 3903 ⁶om
365 3863 403 3903 oe.
442 3845 562 3902 ‘tradit
580 3846 662 3918 Greg.

219 3939 391 3989 unoeprrer.
408 3939 465 3980 Bab.
481 3939 554 3983 usur.
571 3939 599 3979 de
614 3939 688 3979 instit.
703 3938 780 3978 clorio.
920 3980 924 3986 ⁴
1108 3939 1142 3991 13
