2744 4456
599 263 850 331 -132-
962 248 1075 370 Ἰ

181 460 398 530 benedicente
420 467 500 546 apte
519 459 655 544 quidem
677 459 726 541 llt,
751 465 792 529 ut
813 459 848 528 in
870 458 1119 528 consecratione
1141 458 1276 554 luminis
1342 528 1344 533 .

181 571 348 656 paschalis
378 570 557 639 celebratio
587 569 733 655 incipiat,
747 588 852 653 -quae
882 575 1042 638 aeternae
1071 567 1155 636 lucis
1178 567 1276 634 nobis

183 679 325 748 contulit
347 679 546 749 claritatem.
583 677 713 747 Dm'nde
734 677 914 747 lectionum
928 677 1056 746 veteris
1080 675 1275 746 tastamenti

183 796 220 857 et
241 788 428 857 orationum
458 776 542 856 ordo
560 787 742 873 peragitur,
772 793 812 854 ut
830 786 1029 866 innotescat,
1061 789 1190 869 quanta
1212 783 1277 850 dis·

182 894 400 981 pensatione¹
430 894 650 980 aprimordio
681 895 795 964 mundi
825 914 885 980 per
907 894 1117 978 patriarchas
1146 898 1182 960 et
1203 912 1277 976 pro

183 1005 304 1088 phetas
334 1004 425 1073 salus
455 1010 572 1076 nostra
590 998 897 1089 praesagubmnfl,
929 1007 1016 1086 qnae
1037 1002 1073 1069 in
1096 1001 1276 1070 salvatoris

183 1113 290 1181 nostri
319 1112 473 1196 passione
503 1118 539 1180 et
568 1112 811 1180 resurrectione
827 1112 1005 1195 ‘completa
1036 1117 1098 1179 est.
1146 1108 1277 1178 Deinde

183 1217 351 1290 letaniae⁸
375 1226 531 1305 aguntur,
555 1226 596 1287 ut
611 1218 861 1288 communicatio
886 1225 922 1288 et
937 1219 1094 1287 memoria
1117 1224 1154 1288 et
1168 1217 1276 1287 oratio

184 1337 374 1398 sanctorum
405 1347 465 1395 nos
489 1327 533 1396 ad
554 1326 704 1396 ventura
723 1328 847 1412 gaudia
869 1328 1100 1411 consequenda
1126 1327 1275 1406 adiuvet,

184 1456 267 1521 quas
300 1435 452 1519 sequitur
481 1435 639 1521 baptismi
668 1442 923 1516 sacramentum,
956 1442 992 1503 et
1014 1435 1165 1504 ascendit
1193 1453 1278 1520 grex

184 1545 413 1613 dealbatorum
445 1545 486 1612 de
516 1544 679 1613 lavacro..
717 1543 911 1630 Quicunque
941 1550 1056 1612 antem
1085 1543 1170 1612 scire
1193 1543 1277 1612 desi·

184 1654 291 1734 derat,
322 1660 449 1737 quanta
479 1654 683 1722 auctoritate
714 1659 751 1721 et
778 1653 909 1721 ratione
939 1650 1146 1735 baptismus*
1176 1651 1277 1720 istius

131 1781 136 1790 ·
186 1762 343 1846 temporis
367 1762 461 1830 nobis
485 1762 743 1842 commendatur,
767 1761 862 1847 legat
876 1761 1013 1829 decreta
1028 1759 1149 1828 Leonis
1169 1779 1277 1844 papae

185 1878 221 1939 et
250 1870 408 1939 inveniet.
456 1871 539 1939 Post
569 1871 770 1954 baptismum
789 1889 869 1938 vero
901 1877 937 1938 et
958 1868 1102 1937 letanias
1125 1863 1278 1953 sequitur

185 1986 303 2048 sancta
324 1979 501 2047 missarum
524 1979 703 2046 celebratio
735 1984 771 2047 et
794 1977 1045 2046 communicatio
1068 1976 1216 2062 corporis
1242 1984 1277 2045 et

185 2075 355 2172 anguinis
379 2087 509 2176 domiui,
535 2087 628 2155 cuius
643 2085 897 2171 participatione
921 2086 1107 2169 quicunque
1130 2084 1277 2153 fidelium

185 2191 244 2262 se⁶
276 2195 339 2262 lrao
369 2201 468 2263 nocte
496 2194 706 2275 abstinuerit,
736 2195 847 2262 nescio
871 2193 1032 2277 quomodo
1055 2193 1162 2262 dicam
1185 2193 1278 2262 illum

186 2302 403 2371 christianum
435 2303 582 2386 exceptis
607 2303 668 2384 his,
701 2303 758 2386 qui
780 2323 840 2387 pro
864 2302 1066 2385 capitahbus
1087 2301 1278 2370 criminibus

50 2471 53 2478 ,
187 2411 458 2479 excommunicati
472 2412 711 2495 poenitentiam
726 2417 858 2497 gerunt.
886 2410 1078 2480 Notandum
1094 2391 1173 2479 vero
1190 2410 1278 2493 quod
1342 2405 1346 2418 '

68 2521 76 2530 ”
186 2520 274 2604 apud
303 2519 543 2607 Hieronymum
572 2520 721 2606 legimns,
747 2520 842 2604 uuod
870 2519 905 2586 in
935 2515 1098 2603 orientis⁸
1130 2517 1277 2586 ecclesiis
1342 2563 1351 2580 ,

186 2646 256 2695 mos
287 2626 333 2695 sit
361 2629 396 2695 in
426 2629 489 2696 hac
519 2636 626 2709 nocte,
659 2635 739 2697 ante
769 2628 910 2697 mediam
941 2616 1210 2695 noctem'lldeles
1234 2627 1277 2694 ab

187 2734 324 2803 ecclesia
347 2752 413 2802 non
435 2736 591 2804 recedere
614 2737 728 2804 horam
752 2735 842 2804 illam
867 2740 1100 2819 exspectantes
1122 2735 1157 2801 in
1173 2735 1278 2803 sacris

186 2843 316 2928 vigiliis,
335 2843 376 2912 de
392 2864 457 2927 qua
473 2845 633 2927 scriptum
649 2852 736 2913 est⁸:
764 2847 894 2931 „Medio
916 2856 1003 2913 oroma
1026 2846 1148 2913 clamor
1170 2845 1278 2930 factm

186 2951 263 3034 eat“,
289 2951 484 3035 etreliqua.

283 3220 416 3277 ⁸b1atrh.
436 3221 521 3286 XXV,
542 3223 567 3277 6.

280 3420 508 3490 ¹'exspectetloue
521 3439 560 3477 oe.
591 3420 601 3453 ¹
620 3421 848 3503 praesagiebatur
861 3437 899 3476 oe.
930 3419 1070 3475 ³litauiuo
1084 3436 1121 3475 oe.
1149 3419 1160 3451 ⁴
1173 3420 1277 3490 baptis·

188 3526 263 3567 mum
284 3525 322 3566 oe.
361 3508 435 3566 ⁵om
456 3512 491 3567 ll.
531 3511 742 3568 ‘orientalibus
762 3527 800 3566 oe.
