2744 4456
561 252 818 318 ¹--222-
944 247 946 251 ⁴

147 452 378 536 quaestionum,
413 472 493 536 quae
520 454 555 517 in
579 451 678 519 litorio
705 455 823 520 coiectis
853 446 947 518 sunt¹
976 452 1176 537 penetranda
1209 459 1238 516 et

147 557 358 642 dietolomda,
376 557 552 646 plurimum
576 560 667 643 calet,
691 569 814 628 tontum
837 559 882 625 ibi
896 560 1036 626 cavenda
1060 567 1104 626 eet
1119 551 1238 626 libido²

146 666 281 732 rimandi
318 673 346 735 et
378 668 514 754 pumilio
551 669 707 754 quaedam
745 661 932 736 ostentatio³
970 667 1148 754 deaffnmi
1179 667 1239 734 ad·

148 770 351 842 omeamunf‘
385 770 451 841 Sed
465 773 507 842 de
522 774 585 842 hoc
599 773 728 858 plonius
744 773 899 854 dicemus,
918 792 992 840 oum
1008 772 1050 840 do
1065 771 1239 841 dialectico

148 886 250 964 atque
276 881 443 950 rhetorica
474 881 724 966 disputabimus.
775 883 867 968 ,Iam
899 892 991 950 cero·
1019 886 1145 950 numeri
1174 884 1238 950 die·
1289 880 1291 884 ’

126 977 267 1079 ὀἰρίἰηα
297 991 420 1058 cuilibet
450 993 633 1060 tardieeimo
664 992 786 1059 clarum
818 1001 880 1074 eet,
918 994 1002 1081 quod
1032 1013 1097 1058 non
1126 993 1169 1059 cit
1198 992 1237 1056 ob

147 1099 324 1168 bominibus
347 1101 501 1178 indilata,
533 1101 588 1168 sed
617 1102 723 1187 patim
750 1102 906 1184 indoqata
930 1108 958 1167 et
980 1103 1116 1169 incauto.
1164 1099 1238 1169 Non

148 1211 230 1275 mim
244 1210 324 1275 eicut
334 1211 475 1295 mimam
490 1207 647 1295 cyllabam
660 1207 785 1291 Italiae,
801 1230 894 1294 quam
911 1208 1029 1274 brevem
1043 1212 1238 1296 pronuncio·

148 1324 258 1382 count
279 1317 403 1399 deteret,
426 1314 525 1383 oolm't
545 1315 703 1401 Verqiliue
726 1324 754 1381 et
777 1309 873 1402 lonqo
894 1317 985 1400 facta
1008 1324 1063 1399 m,
1085 1318 1134 1384 tea
1155 1318 1238 1402 quiq.
1266 1315 1272 1326 ·
1340 1332 1345 1342 ·

148 1445 243 1510 quam
265 1431 370 1510 potest
398 1423 521 1508 efficere
549 1443 621 1490 cum
648 1423 791 1504 coluerit,
820 1430 856 1492 ut
885 1418 951 1489 ter‘
982 1433 1073 1496 mena
1096 1433 1152 1491 aut
1174 1447 1237 1492 uou

147 1534 212 1600 tint
233 1553 352 1610 nouem,
383 1537 439 1599 out
468 1553 533 1598 non
562 1533 685 1618 pomini
715 1531 839 1615 efficere
868 1533 1061 1617 quadratam
1089 1531 1238 1616 fiquram

149 1650 204 1708 aut
218 1663 283 1707 non
293 1642 469 1708 tantoniam
480 1661 645 1706 oeumerum
656 1639 757 1726 tripla
766 1643 840 1722 sint,
857 1640 1070 1705 ademarium
1087 1641 1239 1727 sescuplo,

79 1784 81 1789 s
148 1749 193 1816 ad
214 1747 336 1816 nullum
360 1747 471 1834 dupla,
501 1751 577 1834 quia
608 1746 822 1834 intelleqibileo
853 1750 976 1814 numeri
998 1750 1154 1814 comittem
1175 1770 1240 1813 non

149 1857 269 1926 babent.
300 1858 371 1924 Sive
383 1879 456 1941 erqo
473 1860 504 1921 in
521 1859 632 1943 seipsis
647 1857 891 1940 considerentur,
907 1859 971 1923 eine
984 1856 1029 1924 ad
1040 1849 1239 1942 fiqurarum⁵
1286 1852 1291 1863 ’

149 1947 204 2033 aut
218 1967 263 2035 ad
277 1987 427 2033 cononum
442 1960 636 2034 aliorumce⁶
646 1968 818 2033 motionum
835 1964 915 2050 leoco
930 1967 1053 2030 numeri
1067 1963 1240 2032 adbibean·

37 2071 39 2076 ’
148 2082 215 2158 lar,
249 2072 515 2140 incommutabiles
550 2073 676 2159 requlae
710 2072 840 2153 babent,
872 2093 969 2157 neque
1002 2070 1164 2139 ullomodo
1199 2072 1239 2137 ab

46 2248 47 2252 ,
148 2181 324 2249 bominibus
348 2184 518 2264 inditutac,
542 2182 596 2247 sed
619 2183 853 2266 inqenioeorum
868 2183 1040 2265 oaqocitate
1055 2187 1239 2268 cotapcrtae.

151 2292 237 2374 Quae
267 2283 393 2356 tonunl
425 2293 531 2356 counio
561 2291 700 2374 quisquis
729 2291 776 2353 ito
808 2288 962 2373 dilexerit,
994 2296 1030 2355 ut
1059 2291 1179 2356 iactare
1208 2310 1241 2356 ee

42 2417 47 2424 ’
149 2403 231 2465 inter
253 2401 414 2491 impetitae
437 2397 554 2464 aditet
573 2419 637 2463 non
658 2399 764 2482 potius
788 2418 945 2481 quaerere,
969 2397 1053 2462 unde
1074 2398 1140 2464 tint
1155 2375 1240 2478 dero,

149 2527 227 2593 quae
251 2506 465 2574 tantummodo
489 2527 563 2571 cera
594 2527 658 2572 esse
683 2507 883 2594 persenserit,
914 2513 942 2570 et
973 2505 1056 2571 unde
1085 2506 1241 2590 quaedam

148 2637 213 2682 non
243 2613 344 2681 solum
374 2635 459 2697 cero,
489 2613 545 2680 sed
575 2615 668 2679 etiam
698 2612 981 2693 incommutabilia,
1013 2635 1091 2702 quoe
1121 2615 1239 2678 incom-

151 2723 314 2790 mutabilia
338 2744 400 2789 mee
424 2720 711 2808 comprebmderitj
745 2743 782 2786 ac
811 2723 857 2787 tic
887 2720 926 2786 ab
950 2723 1048 2807 specio
1072 2741 1242 2807 corporum

70 2909 73 2914 ,
150 2853 258 2918 euque
278 2832 322 2897 ad
356 2831 528 2897 bumonom
567 2837 696 2895 mentem
730 2831 931 2915 perveniens,
971 2850 1040 2894 cum
1074 2835 1104 2897 et
1136 2831 1242 2915 ipsam

151 2939 327 3007 metabolem
351 2941 511 3020 invenerit,
534 2938 619 3022 quod
641 2958 724 3002 nuuc
740 2938 833 3003 docta
849 2959 932 3002 nunc
946 2937 1075 3004 indocta
1093 2939 1144 3020 eit,
1168 2957 1241 3004 con·

138 3028 259 3114 'diluta
280 3053 384 3115 tamen
407 3049 490 3114 iuter
511 3039 817 3112 iucommutabilem⁸
840 3067 940 3130 supro
963 3047 1188 3128 tenendam,
1213 3052 1242 3113 et

149 3156 314 3222 mutabilia
339 3157 439 3239 'infra
468 3176 500 3221 ee
531 3163 648 3237 cetera,
682 3154 726 3219 ad
759 3147 876 3219 unius⁹
909 3154 960 3217 dei
992 3152 1118 3219 laudem
1150 3159 1242 3239 atque

151 3264 345 3333 dilectionem
368 3269 478 3331 cuncto
502 3269 686 3346 conantem,
718 3283 821 3346 aquo
845 3270 957 3327 cuneta
988 3282 1050 3327 esse
1073 3264 1240 3353 coquoscit,
1326 3291 1331 3301 ·

152 3407 365 3417 .------

242 3489 255 3518 ·
278 3478 351 3546 Aug.
371 3477 388 3531 l.
409 3492 430 3531 c.
451 3475 488 3543 11,
503 3476 545 3530 38.

244 3639 316 3695 ¹om
336 3655 374 3694 co.
422 3637 590 3694 ’cavendus
610 3644 653 3694 cst
672 3637 744 3692 livor
763 3637 831 3692 M¹S.
877 3635 1029 3691 'ostensio
1049 3651 1087 3691 oc.
1134 3633 1243 3693 ‘inter

152 3735 231 3786 terno
249 3729 317 3785 M18.
363 3727 513 3799 ⁶figurom
533 3745 572 3784 oe.
618 3727 831 3815 ⁶alioruq1ve1
856 3742 962 3782 oeoxc.
984 3727 1009 3780 h.
1056 3722 1152 3780 ⁷tunc
1170 3725 1241 3783 M¹S.

152 3818 405 3876 'commutabilem
425 3835 456 3874 oe
475 3835 531 3874 exc.
552 3820 579 3874 h.
617 3816 750 3873 ”hunius
770 3816 847 3871 bffl¹¹
