2744 4456
59 484 63 490 ·
172 473 282 518 eornm
304 456 514 519 consociemur
537 460 628 539 atque
651 454 847 521 orationibus
870 456 1053 522 adiuvemus'
1077 459 1124 524 ita
1146 463 1263 539 tamen,

175 568 208 628 nt
243 561 324 627 nulli
358 571 535 648 martyrum
568 563 624 628 scd
653 565 718 650 ipsi
752 564 808 630 dea
839 566 1030 650 martyrium
1061 564 1235 648 afferamus
1244 559 1266 646 ²,
1366 571 1369 578 '

174 672 317 754 quamvis
340 672 374 734 iu
396 673 555 736 munoriis
575 681 750 756 martyrum
774 675 1000 739 constituamus
1023 671 1154 740 altario.
1188 672 1267 755 Quis

175 781 255 842 enim
273 780 449 846 antistitum
465 781 499 843 in
521 777 598 846 lacis
613 786 794 848 sanctorum
812 780 1150 866 carporum-adsistens
1165 779 1266 848 altari

173 877 349 974 aliquando
362 888 460 953 dixit:
475 887 646 971 offerimus
658 888 715 954 tibi
726 889 818 957 Petre
833 899 888 955 aut
900 887 1001 955 Paule
1017 896 1072 954 aut
1086 889 1268 975 Cypriane?

175 996 238 1061 Sed
253 996 337 1081 quod
353 995 647 1080 offertum-offertur
658 997 738 1079 Deo,
755 999 809 1084 qui
821 1005 978 1082 martyres
990 999 1163 1081 coronavit,
1179 997 1268 1084 apud

173 1107 340 1170 inmanius
356 1126 473 1186 earnm,
489 1126 567 1190 quos
583 1098 774 1189 coronavit¹‚
798 1106 882 1191 qnod
905 1126 943 1171 ea
961 1106 1105 1192 ipsorum
1128 1103 1268 1190 lasanum

175 1213 388 1280 admonitione
411 1207 515 1279 maior
537 1212 669 1296 affectus
691 1222 825 1298 eeuryat
848 1213 893 1280 ad
907 1213 1083 1297 maedam
1105 1215 1266 1280 comtatem

175 1330 203 1385 et
228 1325 262 1384 in
278 1319 360 1401 illos,
378 1342 462 1406 ‘qaas
479 1322 601 1387 imitari
611 1341 781 1406 possumus
788 1314 810 1399 ³,
834 1329 863 1387 et
878 1323 913 1385 in
928 1319 994 1402 illo,
1008 1342 1080 1414 xqao
1096 1321 1269 1390 adiuvante

173 1415 338 1514 possimus.
393 1427 530 1496 Colimus
560 1450 633 1515 crya
665 1415 820 1515 martyres
852 1451 885 1496 eo
916 1429 1003 1517 cultu
1034 1427 1215 1497 delectionis
1240 1437 1269 1496 et

175 1539 341 1620 sacirtatis,
372 1558 432 1623 qno
456 1539 542 1602 etin
563 1536 624 1604 ltac
640 1540 715 1604 ‘aito
739 1533 885 1606 coluntur
907 1540 1010 1606 sancti
1039 1536 1179 1604 homines
1207 1536 1268 1622 dei,

175 1667 308 1729 picorum
340 1665 395 1711 car
426 1646 469 1711 ad
500 1644 593 1713 talem
622 1668 684 1732 pro
719 1646 897 1730 ecanyelica
928 1649 1061 1738 peritate⁸
1085 1648 1267 1733 passionem

172 1759 327 1839 paratam
356 1775 419 1820 esse
448 1755 615 1836 sentimus;
652 1755 707 1821 sed
738 1754 811 1820 illas
840 1760 929 1822 tanta
961 1755 1116 1837 devotius,
1150 1759 1268 1842 quana

174 1865 315 1928 securius
330 1868 400 1948 post
416 1864 537 1928 incerto
552 1865 660 1929 omnia
675 1871 834 1949 superata,
859 1871 976 1948 quanto
997 1865 1092 1930 etiam
1107 1861 1270 1946 fidentiori

177 1971 272 2036 laude
290 1971 516 2056 praedicamus
539 1965 627 2038 iam‘
650 1974 684 2036 in
705 1973 771 2038 uita
794 1971 936 2055 feliciore
951 1973 1092 2054 victores,
1117 1989 1212 2056 quom
1234 1973 1270 2037 in

179 2082 241 2147 ista
263 2080 368 2146 adduc
383 2102 479 2165 usyiee
495 2085 683 2166 paynantes.
716 2083 761 2146 At
784 2100 856 2144 cero
873 2077 928 2145 illo
945 2066 1040 2161 cultu
1065 2072 1138 2165 ᾳιιί6
1158 2098 1269 2163 yracce
1346 2151 1356 2163 ,

174 2180 298 2254 latria⁶
322 2187 449 2269 dicitnr,
472 2186 569 2255 latine
593 2209 656 2254 uno
680 2187 771 2268 verbo
796 2188 860 2253 dici
882 2209 946 2253 uon
966 2192 1078 2273 potest,
1102 2207 1172 2252 cum
1190 2207 1268 2274 pra·

173 2299 246 2381 prio
269 2299 311 2362 sit
334 2296 489 2382 quaedam
512 2297 674 2362 diuinitati
697 2295 802 2363 delita
823 2297 965 2378 servitus,
990 2315 1045 2362 nec
1060 2295 1192 2362 colimus
1214 2315 1270 2363 nec

174 2403 341 2470 colendum
364 2406 517 2486 docemus,
540 2406 605 2470 nisi
626 2426 723 2470 unum
747 2405 848 2470 decom.
890 2404 966 2471 Oam
991 2391 1095 2470 antem
1119 2404 1163 2469 ad
1186 2403 1270 2470 lunc

174 2491 305 2578 cultum·
312 2514 470 2598 pertineat
493 2512 609 2578 oblatio
632 2511 793 2596 sacrificii,
818 2513 901 2578 unde
919 2505 1128 2603 idololatria²
1152 2508 1296 2578 dicitur'

176 2643 293 2704 eorum,
324 2622 380 2706 qui
401 2620 459 2687 loc
482 2623 576 2686 etiam
599 2618 695 2685 idolis
718 2613 888 2702 calaad,
916 2619 1004 2686 nulla
1027 2620 1121 2709 modo
1146 2619 1271 2706 aliquid

176 2720 250 2795 tale*
270 2729 432 2813 offerimus
462 2735 518 2795 ant
548 2728 743 2812 offermdum
772 2731 1004 2814 praecipimus,
1043 2729 1091 2794 oet
1124 2729 1270 2818 cuimmm

174 2841 314 2922 martyri
346 2836 392 2903 ael
422 2839 568 2922 cuiquam
589 2843 717 2904 sanctae
740 2840 866 2903 anianae
894 2836 942 2902 oel
968 2839 1114 2923 amquam
1137 2836 1270 2924 anyelo,·

176 2935 205 3010 et
229 2948 367 3031 annonis
385 2948 420 3011 in
435 2944 517 3012 lunc
533 2967 671 3012 errorem
687 2944 851 3026 dilabitur,
875 2947 1070 3031 corripiatur
1083 2967 1142 3031 per
1156 2965 1269 3039 sanam

176 3054 365 3135 doctrinam,
389 3056 452 3120 siae
476 3060 509 3122 nt
532 3057 723 3138 carriyatur,
747 3056 810 3120 sive
834 3062 867 3119 ut
890 3062 1047 3136 conemur,
1072 3054 1149 3120 dum
1172 3056 1269 3121 etiam

178 3165 241 3248 ipsi
270 3165 372 3229 sancti
400 3161 446 3228 ael
475 3162 614 3228 homines
643 3161 691 3229 ael
721 3160 827 3249 anyeli
863 3161 1002 3246 calderi
1037 3162 1098 3229 sibi
1128 3155 1270 3248 nolunt
1365 3204 1368 3209 ·

176 3272 262 3356 quod
285 3274 342 3336 uni
365 3272 421 3336 deo
446 3270 551 3337 deleri
573 3277 691 3338 norunt
699 3264 732 3338 ¹⁰.
779 3273 945 3358 Apparuit
975 3270 1033 3337 loc
1055 3274 1091 3337 in
1113 3271 1217 3338 Paulo
1241 3279 1270 3338 et

178 3378 346 3462 Bernaba,
371 3400 440 3444 cnm
463 3382 608 3445 canumet
629 3379 803 3463 miraculis,
827 3401 906 3463 quae
923 3401 985 3466 per
1008 3401 1058 3483 eos
1073 3380 1165 3463 sada
1186 3388 1269 3464 sunt,

272 3553 280 3585 ¹
300 3554 339 3610 sie
351 3554 370 3610 J
378 3576 383 3618 ;
405 3571 438 3610 aa
452 3556 502 3610 deo
515 3563 670 3623 martyrum
684 3556 819 3624 quamvis.
849 3553 859 3586 ¹
877 3571 945 3624 qaas
958 3556 1102 3613 coronavit
1114 3572 1158 3612 om
1172 3554 1268 3613 HPP¹.

112 3685 116 3694 .
178 3644 189 3675 ⁸
215 3661 410 3714 possumusne
434 3660 490 3701 exc.
515 3646 541 3700 h.
586 3645 692 3701 ‘sicl
716 3653 745 3701 et
764 3662 808 3708 oe;
834 3651 892 3700 tam
912 3645 1006 3702 ΜΡΡ“Ι
1052 3644 1156 3714 ⁶quae
1174 3644 1269 3702 lffP².

177 3733 324 3806 ‘accipito
343 3751 383 3790 ae.
413 3733 623 3791 'idolatriam
654 3733 850 3791 'exhibentur
870 3734 933 3789 PP¹.
964 3734 1104 3800 'sinist
1125 3736 1269 3793 nolintaa

181 3825 203 3856 ¹⁰
224 3826 263 3879 sic
281 3825 310 3889 l;
332 3825 427 3881 norint
443 3824 512 3880 Moe.

47 3922 60 3930 “
158 3928 160 3933 ’
233 3935 407 3984 xnoepfler,
423 3935 480 3976 Bab.
496 3935 570 3977 usar.
586 3934 615 3976 ds
629 3935 704 3976 tnmt.
719 3935 796 3978 aene.
908 3970 913 3984 ,
1125 3935 1161 3990 10
