2744 4456
529 222 778 286 -243—

571 469 648 553 Cap.
675 473 728 539 27.

138 632 201 699 DE
225 631 546 717 AOQUISITIONE
569 632 628 698 ΕΤ
652 630 897 698 EXERCITIO
922 629 1168 699 VIRTU'I'UM.

200 795 336 863 Interea
367 795 486 878 quippe
517 795 593 862 dum
623 796 754 863 intenta
785 793 1001 862 meditatione
1024 793 1196 862 scientiam

110 903 292 987 spiritalem
325 910 421 987 optat
450 902 595 987 adipisci,
627 922 764 971 necesse
789 909 849 983 est,
883 908 923 970 ut
945 902 1014 988 iugi
1039 900 1196 1000 exercitio

110 1011 273 1079 virtutum
298 1010 360 1079 sibi
383 1023 524 1095 quaerat
547 1013 757 1097 opulentiam,
789 1031 832 1079 ne
856 1012 933 1079 dum
955 1011 990 1079 ln
1014 1031 1078 1079 uno
1103 1010 1197 1080 dives

112 1139 185 1188 esse
215 1120 321 1203 cupit,
361 1126 396 1188 et
425 1121 564 1189 alterius
595 1140 674 1205 opes
705 1140 866 1204 quaerere
897 1121 1062 1206 neglegit,
1096 1139 1198 1189 verae

111 1228 299 1312 opulentiae
329 1228 460 1297 fructus
487 1231 620 1314 perdat,
654 1249 693 1298 ac
723 1249 788 1297 non
820 1229 925 1297 solnm
956 1229 1019 1313 ipsi
1054 1229 1196 1309 eveniat

111 1336 219 1420 quod¹
251 1337 476 1419 quaesitarum
500 1358 610 1406 rerum
637 1338 817 1406 utilitatem
841 1357 907 1405 non
930 1338 1065 1418 habeat,
1100 1338 1221 1405 immo

110 1465 233 1529 poenas
262 1445 406 1514 iniustus
436 1430 607 1530 possessor·
639 1466 698 1531 pro
731 1447 778 1515 eis
810 1447 938 1515 domino
969 1446 1089 1516 solvat.
1139 1446 1198 1514 Ait

112 1554 196 1622 enim
224 1554 297 1638 ipse
320 1554 483 1624 veritas:
514 1551 673 1643 ,Saoua²,
704 1561 758 1645 pai
780 1561 838 1626 scit
861 1559 1048 1626 voluntatem
1075 1559 1199 1624 dooeim

111 1669 161 1731 sai
184 1672 213 1734 et
235 1654 411 1751 aon'facit,
435 1667 598 1754 vapulabit
621 1668 746 1734 multe’s:
770 1670 825 1754 qui
847 1675 950 1734 autem
964 1670 1060 1734 nmcit
1083 1673 1112 1734 et
1134 1688 1199 1733 non

111 1775 201 1856 facit,
233 1775 396 1861 vapulabit
423 1775 557 1862 paucis‘.
607 1772 692 1858 Quid
725 1793 802 1859 ergo
832 1773 981 1857 proderit
1004 1773 1128 1840 bomini
1152 1771 1198 1840 in·

112 1887 230 1964 gentes
245 1880 379 1948 divitias
395 1900 604 1966 congregare,
624 1890 659 1949 et
676 1902 787 1949 earum
804 1901 899 1949 usum
915 1881 1047 1948 minime
1062 1882 1196 1962 babere,

112 2007 185 2055 cnm
208 1988 312 2056 multo
335 1989 449 2057 melior
473 1991 518 2057 sit
539 1990 604 2069 ille,
631 1989 685 2072 qui
709 1996 908 2074 paupertate
932 2008 993 2057 sua
1017 1995 1197 2057 contentus

114 2108 166 2164 est
190 2104 225 2164 et
246 2096 428 2165 laetabitur
444 2099 485 2166 de
499 2098 614 2166 labore
637 2118 705 2179 suo,
732 2098 761 2166 ei
786 2099 841 2180 qui
857 2103 964 2166 totam
977 2098 1082 2166 uitam
1107 2115 1200 2165 snam

112 2205 247 2274 divitias
258 2207 385 2274 babens
400 2207 434 2274 in
448 2214 601 2293 egestate
615 2208 786 2288 consumit,
806 2207 977 2275 Salomone
993 2205 1200 2283 adtestante,

112 2315 168 2397 qui
191 2313 279 2382 aith:
305 2316 431 2401 ‚Melior
453 2327 497 2384 est
516 2341 643 2405 pauper
665 2328 693 2385 et
708 2320 871 2402 sufficiens
894 2319 964 2401 sibi,
989 2339 1083 2404 qaam
1100 2317 1201 2401 plori-

114 2446 186 2492 osas
209 2434 236 2490 et
260 2427 403 2508 indipene
423 2425 527 2513 pane‘.
573 2423 696 2492 Sancta
719 2423 890 2492 rusticitas
915 2424 1018 2491 solum
1044 2424 1106 2491 sibi
1129 2443 1201 2508 pro

113 2531 197 2607 dest,
224 2539 260 2599 et
283 2539 442 2616 quantum
458 2532 613 2601 aedificat
629 2553 668 2601 ex
684 2533 777 2601 uitae
792 2534 919 2610 merito,
946 2539 1076 2600 tantum
1092 2540 1200 2607 nocet

114 2640 142 2706 si
172 2660 237 2708 non
269 2648 304 2708 et
338 2640 428 2708 vala
462 2639 787 2710 contradicentibus³
822 2641 989 2710 resistere.
1045 2641 1110 2710 Sed
1145 2667 1202 2728 ,ea

114 2751 234 2818 duobus
257 2753 447 2840 imperfectio
470 2750 575 2836 magis
598 2745 686 2835 eligo
704 2762 846 2820 canaam
868 2756 1082 2837 rusticitatem
1108 2774 1203 2839 quom

114 2859 317 2945 eloquentiam
335 2865 565 2947 peccatricem,
590 2859 666 2942 qma
683 2859 847 2943 sapientia
862 2858 983 2927 dicit⁶z
1008 2861 1136 2943 ,lleiior
1158 2868 1204 2930 est

112 2991 236 3056 pauper
265 2969 430 3038 ambulans
460 2975 494 3037 im
523 2973 722 3059 simplicitate
751 2994 820 3054 aaa,
852 2992 947 3057 auam
978 2972 1063 3038 dives
1091 2976 1203 3058 prauis

114 3077 276 3144 itineribus
286 3103 298 3158 ,·
333 3081 387 3164 qai
418 3086 518 3148 amem
551 3081 685 3146 custodit
715 3080 825 3165 tepens,
861 3079 947 3164 filias
978 3082 1104 3166 sapiens
1136 3077 1200 3147 est‘.

116 3180 259 3266 Oportet
269 3182 399 3265 quidem
413 3203 496 3264 eum,
514 3184 569 3268 qui
583 3184 766 3268 sapientiae
778 3185 901 3265 studet,
919 3186 1038 3252 virtuti
1055 3185 1200 3266 studere,
1260 3227 1263 3232 -

207 3378 309 3434 ⁸an
330 3379 394 3447 nn
412 3381 457 3448 47,
476 3382 520 3437 48.
566 3382 582 3421 b
607 3381 687 3437 Prov.
707 3381 771 3449 XII,
795 3382 819 3437 9.
865 3393 877 3424 0
901 3381 1012 3439 Hieron
1032 3381 1068 3437 sd
1087 3381 1201 3453 Nepam

118 3468 186 3524 Reb.
213 3469 360 3540 exscripsit
387 3485 451 3526 rero
477 3472 548 3527 banc
573 3472 739 3528 sermotiem
765 3488 798 3528 ex
824 3488 882 3529 can.
903 3472 938 3528 94
957 3472 1052 3541 synod.
1071 3473 1203 3544 Aquisssr.

116 3558 206 3614 Menai
235 3569 248 3614 t
275 3559 349 3615 xlv.
369 3559 418 3615 col
440 3560 502 3618 20b.
540 3562 654 3617 dProv.
675 3560 751 3630 XIX,
772 3565 796 3618 1.
825 3562 951 3619 &bstier
968 3562 1033 3617 bibl.
1053 3569 1112 3618 ent
1132 3577 1202 3621 vers.

118 3659 137 3704 t.
157 3649 195 3718 IL
214 3649 276 3706 826.

210 3795 303 3864 ¹qnia
322 3813 361 3853 oe.
401 3795 518 3854 ’amris
538 3813 577 3853 oe.
616 3799 713 3854 'tnnc
733 3798 888 3854 dicentibus
908 3798 974 3854 11¹8.

1036 3888 1092 3946 16⁸
